2626 4476
94 253 166 306 ,μ
337 233 414 286 σευ
431 233 496 287 τον
512 232 774 289 οιιοττσκουοε
791 237 928 293 uapor.
1135 236 1174 298 τε

93 403 336 494 τελευτηκόσιν,
360 401 611 489 ἐπιγράψαντες
634 407 724 493 σφᾶς
746 400 866 484 αύτούς
881 405 1096 494 ἐπιτρόπους,
1119 413 1174 476 καὶ

95 509 245 591 μισθοῦν
271 503 419 572 ἐκέλευον
446 501 505 571 τόν
534 499 676 592 ἄρχοντα
703 506 782 586 τούς
804 509 914 587 οῖ’κσυς
942 505 988 588 ὥς
1017 503 1175 600 ὀρφανῶν

95 605 214 690 ὄντων,
236 601 331 686 ὅπως
354 605 413 672 ἐπὶ
433 619 506 684 τοῖς
526 607 654 675 τούτων
676 602 820 695 ὀνόμασι
834 608 877 676 τὰ
899 611 959 695 μέν
974 617 1173 702 μισθωθείη

93 716 154 801 τῆς
176 704 309 790 οὗσίας,
338 707 380 774 τὰ
411 708 447 774 δέ
469 702 717 797 δποτιμήματα
737 718 967 801 κατασταθείη
989 715 1046 780 καλ
1070 706 1146 801 ὅροι
1168 715 1173 801 ί

92 819 229 880 τεθεῖεν
257 811 379 892 ζῶντος
407 808 457 876 ἐ’τι
484 814 544 877 τού
567 805 792 900 Εὐκτήμονος,
820 817 998 899 μισθωταὶ
1020 815 1056 881 δέ
1079 809 1174 882 αύτοί

93 913 265 1003 γενόμενοι
286 910 348 989 τὰς
369 911 560 998 προσόδους
583 913 792 999 λαμβάνοιεν.
829 918 885 982 καί
907 915 1024 1004 ἐπειδή
1039 921 1173 1005 πρῶτον
1190 928 1226 985 67

92 1015 141 1084 τὰ
161 1013 358 1109 δικαστήρια
381 1010 580 1104 ἐπληρώθη,
610 1011 627 1082 ό
652 1017 712 1100 μέν
733 1012 843 1104 ’ἄρχων
869 1017 1118 1105 προεκήρυττον,
1140 1021 1174 1086 οἱ

95 1111 131 1184 δ’
150 1115 362 1202 ἐμισθοῦντο.
399 1109 665 1202 παραγενόμενοι
687 1119 724 1184 δέ
740 1143 829 1197 τινες
851 1118 1082 1206 ἐξαγγέλλουσι
1102 1134 1174 1198 τοῖς

94 1220 234 1298 οἰκείοις
254 1218 314 1307 τήν
330 1217 521 1305 ἐπιβουλήν,
543 1220 600 1284 καί
622 1217 781 1298 ἐλθόντες
795 1219 966 1309 ἐδήλωσαν
980 1220 1018 1288 τὸ
1035 1225 1174 1309 πρᾶγμα

93 1336 166 1400 τοῖς
182 1322 370 1405 δικασταῖς,
392 1321 448 1384 καὶ
465 1311 570 1397 ούτως
592 1314 893 1412 όπεχειρστόνησαν
909 1324 942 1391 οἱ
958 1322 1112 1390 δικασταὶ
1127 1323 1172 1410 μή

94 1427 246 1509 μισθοῦν
267 1420 346 1500 τούς
367 1421 493 1498 οέκους·
517 1419 547 1486 εἰ
570 1415 600 1486 δ’
619 1421 752 1505 ἐλαθεν,
776 1417 956 1491 όπωλιόλει
972 1415 1037 1510 [δν]
1054 1416 1173 1491 ἅπασα

92 1523 115 1614 ἡ
139 1519 248 1592 ούσία.
291 1529 360 1590 Καί
380 1549 440 1608 μοι
462 1521 556 1589 κάλει
576 1521 654 1601 τούς
676 1513 965 1611 παραγενομένους
991 1524 1171 1612 μάρτυρας.

520 1645 743 1707 ΜΑΡΤΥΡΕΣ.

182 1729 271 1814 Πρὶν
292 1725 352 1809 μέν
372 1731 485 1792 τοίνυν
498 1726 636 1804 τούτους
656 1733 819 1813 γνωρίσαι
833 1725 893 1814 τήν
909 1722 1093 1814 όνθρωπον
1114 1730 1170 1793 καί
1184 1742 1221 1800 68

91 1821 170 1913 μετ’
189 1827 313 1917 ἐκείνης
335 1825 573 1912 ἐπιβουλεῦσαι
589 1821 783 1914 Εύκτήμονι,
807 1822 893 1895 ούτω
909 1828 1037 1917 πολλὴν
1056 1823 1172 1896 οὐσίαν

93 1931 247 2019 ἐκέκτητο
270 1922 449 2016 Εὐκτήμων
477 1927 563 2013 μετὰ
590 1932 650 1996 τοῦ
676 1931 766 2008 υἱέος
790 1930 1054 2019 Φιλοκτήμονος,
1086 1923 1172 1997 ὥστε

96 2025 167 2115 ἅμα
188 2056 225 2097 τε
244 2028 451 2117 τὰμέγιστα
479 2026 557 2115 ύμῖν
586 2032 787 2119 λειτουργεῖν
810 2027 1019 2121 ἀμφοτέρους
1046 2035 1113 2098 τῶν
1134 2055 1171 2098 τε

92 2131 240 2254 ἀρχαίων
268 2133 371 2222 μηδὲν
400 2136 578 2221 πραθῆναι
604 2136 671 2199 τῶν
697 2158 733 2199 τε
761 2134 940 2222 προσόδων
968 2146 1170 2221 περιποιεῖν,

92 2228 183 2301 ὥστε
197 2229 251 2301 ἆεί
270 2260 305 2302 τι
326 2237 581 2322 προσκτᾶσθαι·
606 2232 723 2322 ἐπειδὴ
748 2229 781 2301 δ
801 2235 990 2325 ἐτελεύτησε
1007 2232 1171 2320 Φιλοκτή

91 2361 176 2422 μων,
198 2329 284 2403 ούτω
307 2331 486 2424 διετέθη(
466 2361 486 2422 η
518 2329 616 2401 ουσία
622 2387 631 2416 ,
659 2329 745 2402 ω’στε
766 2363 833 2404 των
855 2332 1002 2459 ἀρχαίων
1022 2335 1171 2426 μηδέτα

90 2435 216 2527 ἡμίσεα
231 2435 318 2505 είναι
333 2435 438 2504 λοιπὰ
460 2438 517 2502 καὶ
530 2411 592 2514 τδις
605 2435 829 2524 προσόδους“
810 2438 947 2516 απόσας
966 2432 1058 2557 ήφαν
1060 2443 1170 2504 ί.σθαι

91 2543 149 2607 καὶ
172 2531 249 2607 ουδέ
275 2543 381 2606 ταῦτα
409 2532 640 2627 ἐξήρκεσεν’
603 2552 716 2616 αυτοῖς
738 2538 1013 2635 διαφορησαι,’
988 2567 1015 2604 ω
1044 2535 1169 2624 ανδρες,
1184 2557 1222 2612 36

93 2634 167 2708 όιλλ
187 2639 304 2729 ἐπειδὴ
327 2643 384 2707 καί
406 2639 616 2728 ἐτελεύτησεν
638 2634 862 2729 όΕύκτήμων,
887 2641 934 2719 εἷς
948 2644 1047 2707 τοῦτο
1062 2627 1170 2728 ήλθσν

91 2735 266 2832 τόλμης“
238 2765 309 2808 ωστ
339 2741 464 2810 ἐκείνου
485 2746 637 2825 κειμένου
660 2740 753 2809 ἐνδον
768 2741 846 2835 τούς
868 2743 928 2827 μὲν
943 2740 1104 2821 οἰκέτας’
1090 2742 1171 2830 εφύ-

93 2836 280 2926 λαττον,“
260 2868 356 2922 οπως
390 2845 507 2932 μηδείς
536 2841 735 2930 ἐξαγγείλειε
761 2844 843 2932 μήτε
871 2858 942 2912 τοῖν
970 2848 1172 2932 θυγατέροιν

92 2945 177 3034 μήτε
203 2947 245 3033 τῇ
271 2948 401 3032 γυναικὶ
429 2939 530 3012 αύτοῦ
558 2944 643 3032 μήτε
664 2949 729 3012 τῶν
752 2944 884 3012 οἰκείων
906 2946 1040 3034 μηδενί,
1070 2943 1112 3011 τὰ
1136 2945 1171 3011 δέ

90 3046 246 3137 χρήματα
273 3046 413 3113 ἐνδοθεν
441 3045 684 3135 ἐξεφορήσαντο
713 3045 797 3132 μετὰ
826 3051 885 3135 τῆς
915 3042 1100 3134 όινθριύπου
1124 3046 1172 3124 εἷς

91 3148 152 3238 τήν
174 3145 352 3233 ὁμότοιχον
375 3147 493 3228 οἰκίαν,
515 3148 555 3234 ήν
577 3145 656 3236 ᾤκει
677 3153 937 3233 μεμισθωμένος
966 3149 1014 3228 είς
1034 3148 1170 3229 τούτων,

92 3244 293 3338 Ἀντίδωρος
321 3247 453 3327 ἐκεῖνος.
503 3253 559 3316 καὶ
589 3244 662 3316 ούδ)
688 3249 804 3338 ἐπειδὴ
834 3249 955 3338 ἑτέρων
976 3250 1172 3335 πυθόμεναι
1186 3268 1223 3322 46

93 3338 202 3439 ἦλθον
232 3353 269 3418 αἱ
295 3355 477 3438 θυγατέρες
506 3346 607 3418 αὐτοῦ
634 3354 690 3418 καί
717 3347 737 3439 ή
766 3351 861 3438 γυνή,
891 3344 967 3417 ούδέ
989 3351 1065 3418 τότε
1094 3352 1172 3418 ε’ίων

179 3555 224 3612 66.
245 3556 401 3623 ἐμισθω..
413 3573 459 3623 pr.,
478 3571 542 3609 corr
556 3561 567 3610 1
591 3586 620 3594 -
640 3559 656 3608 6
673 3555 872 3609 κατασταθεῖ..
891 3571 937 3624 pr.,
950 3571 1014 3611 corr.
1028 3561 1040 3610 1
1061 3585 1093 3596 -
1113 3552 1173 3609 ’ίδδ

95 3634 966 3709 abvoneutzner,a13szbr.:sedwa.azmqoa
959 3640 1103 3712 κήρυττεν
1126 3659 1173 3710 pr.,

62 3723 74 3748 ‘¹
96 3729 241 3780 eom-1
231 3720 441 3779 6ἇπολόλιιε
461 3741 510 3780 em.
523 3725 652 3779 Schb-
617 3721 738 3780 -ἃνε
754 3729 821 3778 v.:1
840 3725 889 3778 del
908 3725 940 3778 de
957 3741 1023 3778 meo.
1091 3725 1138 3783 68
1157 3731 1172 3780 2

95 3805 217 3863 τούτων’
210 3827 237 3862 ln
254 3824 305 3878 mg.
327 3815 390 3863 l·-
409 3807 477 3864 4τύ
494 3829 524 3862 τε
542 3810 658 3862 Fuhr—
676 3829 707 3862 τε
724 3817 784 3862 ante
804 3804 926 3880 ἀρχαίων
943 3811 969 3862 in
982 3827 1012 3863 ·.v
1031 3810 1088 3864 add.
1108 3816 1173 3865 1—

97 3888 294 3964 ὃήφανησθαι
306 3910 378 3963 pr
405 3893 452 3951 66.
470 3895 532 3948 277.
552 3901 648 3961 ειτηερ.
665 3887 834 3946 καὶόΕύκτ.
852 3891 1035 3959 ἐτελεύτησεν.
1098 3895 1143 3949 46.
1157 3899 1171 3949 2

98 3985 156 4032 ante
175 3973 238 4032 σι’δῖ
255 3983 306 4032 tres
323 3979 371 4032 litt.
390 3994 504 4032 eras.-
523 3977 589 4030 ιἰων
606 3979 737 4045 Ηὶτευίιῑς,
754 3973 853 4048 ἠφίουν
871 3979 973 4047 stepha
990 3972 1041 4047 ἧφ.
1047 3984 1099 4030 tan·
