2626 4476
142 254 184 314 64
626 250 735 308 {mor
1155 270 1195 314 or.
1207 273 1227 314 5.

141 429 332 513 κεκτημένοι
367 414 554 491 ἐλάττω
504 451 552 544 η
594 418 690 502 οὗτος
717 429 900 548 μίσθωσιν
930 423 1098 546 λαμβάνει
1122 449 1226 512 τριη-

89 530 311 615 δίραρχοῦσι.
348 530 468 607 καίτοι,
492 552 518 591 ω
504 512 669 613 ἄνδρες,
693 520 789 609 ούχδ
814 525 925 614 πατήρ
949 520 1040 612 αύτῷ
1060 551 1124 613 την
1138 528 1226 592 πολ

143 626 202 715 λήν
229 622 346 696 ούσίαν
370 630 558 709 κατέλιπεν,
584 620 697 693 άλλΗ
679 654 698 693 ο
699 641 774 711 μεῖς
800 627 894 695 έδοτε
920 632 962 716 τῇ
982 627 1111 749 ψήφῳ
1138 621 1226 694 ύίστι

143 730 173 796 εἰ
194 733 249 796 καὶ
273 729 317 817 μή
341 731 425 796 πολί
412 734 483 818 ίτης
503 715 553 818 ήν,
587 728 645 794 διά
666 753 703 816 γε
724 733 823 796 τοῦτο
850 716 1024 808 δίκαιος
1004 754 1046 817 ην
1072 727 1137 815 τήν
1160 727 1226 794 πό·

145 834 197 898 λιν
227 819 262 898 εύ
291 845 414 899 ποιεῖν.
464 831 633 920 εἰσφορῶν
661 837 774 898 τοίνυν
800 831 969 899 τοσούτων
998 836 1225 920 γεγενημένων

142 937 233 1001 πάσι
251 947 323 1012 τοῖς
343 936 502 1010 πολίταις
524 933 572 1010 εἰς
586 932 645 999 τδν
660 932 809 1017 πόλεμον
826 936 882 1000 καὶ
905 932 964 1021 τήν
980 939 1151 1021 σωτηρίαν
1168 937 1225 1021 τῆς

143 1035 276 1113 πόλεως
302 1040 521 1123 Δικαιογένης
550 1027 608 1100 οὐκ
635 1034 726 1102 ἐστιν
752 1028 869 1122 ήντινα
899 1033 1101 1122 εἰσενήνοχε·
1136 1033 1224 1122 πλήν

143 1129 200 1202 ὅτε
220 1141 372 1217 Λέχαιον
402 1135 500 1217 ἑάλω,
528 1137 666 1225 κληθεὶς
694 1133 760 1203 ύπδ
785 1136 897 1224 ἐτέρου
921 1135 1087 1202 ἐπέδωκεν
1120 1134 1155 1203 ἐν
1176 1139 1224 1223 τῷ

143 1237 237 1323 δήμιμ
259 1243 453 1325 τριακοσίας
475 1236 632 1323 δραχμάς,
656 1237 792 1304 ἐλαττον
814 1229 1049 1326 ήΚλειύνομος
1072 1235 1091 1305 δ
1115 1238 1224 1326 Κρής

89 1354 130 1410 38
143 1341 199 1405 καὶ
228 1342 327 1405 τοῦτο
356 1337 531 1420 ἐπέδωκεν,
562 1333 619 1406 ούκ
648 1339 841 1428 εἰσήνεγκεν,
871 1333 945 1406 ἀλλ’
975 1335 1032 1407 ἐπ’
1060 1340 1222 1427 αἰσχίστῳ

144 1437 374 1526 ἐπιγράμματι
402 1439 554 1530 ἐξίετέθη
584 1435 685 1527 μεθ’)
713 1440 826 1530 ἑτέρου
860 1435 961 1509 αύτοῦ
988 1438 1137 1527 τούνομα
1165 1442 1222 1526 έμ-

142 1549 297 1630 προσθεν
311 1570 378 1611 των
394 1543 589 1630 ἐπωνύμων,
613 1537 667 1610 άτι
682 1542 798 1610 οίδε’
769 1568 816 1621 εις
832 1550 999 1633 σωτηρίαν
1013 1547 1073 1630 τῆς
1089 1545 1222 1622 πόλεως

143 1641 370 1729 ὑποσχόμενοι
397 1671 443 1733 τῳ
473 1646 567 1734 δήμῳ
598 1645 758 1712 εἰσοίσειν
782 1669 936 1733 χρήματα
965 1639 1202 1713 ἐθελονταὶ
1167 1672 1221 1713 ουκ

145 1745 344 1833 εἰσήνεγκαν.
388 1755 499 1816 καίτοι
525 1772 601 1826 πως
630 1742 725 1825 άξιον
753 1733 1005 1867 θαυμάζειν,
979 1774 1006 1813 ω
1030 1742 1164 1835 άνδρες,
1194 1746 1221 1815 εἰ

149 1844 159 1870 ³
145 1847 240 1931 εμεέ
225 1846 479 1939 ἐξηπάτησεν”
460 1875 517 1917 ενα
540 1845 635 1930 ὄντα,
664 1846 702 1925 δς
723 1844 810 1932 ύμᾶς
839 1841 991 1927 άπαντας
1020 1841 1091 1933 άμα
1115 1848 1220 1916 συνει-

145 1950 319 2035 λεγμένους
348 1950 382 2018 ἐν
410 1955 452 2038 τῇ
480 1950 636 2039 ἐκκλησίᾳ
661 1954 802 2016 τοιαῦτα
831 1951 988 2039 ἐποίησε,·
1014 1952 1071 2016 καὶ
1096 1950 1220 2017 τούτων

142 2047 221 2135 ύμῖν
242 2051 320 2130 τούς
341 2053 511 2140 μάρτυρας
532 2051 733 2138 παρέξομαι.

568 2174 791 2227 ΜΑΡΤΥΡΕΣ.

88 2268 130 2324 89
207 2246 290 2332 Ἐἰς
311 2255 372 2338 μὲν
393 2253 453 2344 τήν
474 2256 576 2323 πόλιν
599 2248 686 2322 ούτω
708 2259 763 2323 καὶ
785 2257 958 2340 τοσαῦταί
978 2255 1221 2345 λελειτούργηκε

144 2360 364 2445 Δικαιογένης
387 2350 455 2424 άπδ
471 2357 640 2424 τοσούτων
652 2358 846 2446 χρημάτων·
870 2361 946 2445 περὶ
971 2357 1007 2423 δὲ
1021 2355 1100 2435 τούς
1114 2379 1221 2447 προσ·

144 2456 284 2545 ήκοντας
305 2458 458 2537 τοιοῦτός
486 2459 577 2527 ἐστιν
607 2459 678 2526 οῖον
700 2455 810 2546 δρᾶτε,
840 2452 926 2526 ὥστε
947 2457 1025 2536 τούς
1045 2459 1107 2543 μὲν
1130 2456 1220 2547 ήμῶν

146 2552 304 2648 άφείλετο
331 2558 391 2648 τήν
415 2555 541 2644 ούσίαν,
570 2555 624 2629 δτι
645 2559 758 2644 μεῖζον
780 2558 935 2650 ἐδυνήθη,
964 2558 1043 2638 τούς
1066 2561 1103 2627 δὲ
1126 2586 1221 2649 περι-

147 2661 236 2749 ειύρα
259 2661 307 2739 εἰς
329 2661 407 2740 τούς
429 2661 625 2747 μισθωτούς
655 2661 768 2740 ἰόντας
792 2655 837 2729 δι’
863 2661 993 2730 ἐνδειαν
1013 2666 1082 2729 τῶν
1105 2662 1221 2752 ἐπιτη-

146 2762 254 2828 δείων.
298 2761 357 2849 τήν
381 2763 417 2828 δὲ
438 2768 565 2852 μητέρα
588 2762 671 2850 [τήν]
696 2758 796 2831 αὐτοῦ
817 2769 1009 2853 καθημένην
1033 2763 1067 2831 ἐν
1095 2770 1146 2852 τῷ
1166 2769 1221 2852 τῆς

147 2861 345 2940 Εἰλειθυίας
369 2864 448 2950 ίερηῖ
470 2864 595 2944 πάντες
618 2864 739 2952 ἑώρων,
761 2869 817 2932 καὶ
839 2866 947 2954 τούτῳ
977 2866 1180 2953 ἐγκαλοῦσαν
1201 2865 1221 2933 ά

90 2963 209 3050 4οέγώ
227 2962 424 3048 αἰσχύνομαι
440 2962 616 3053 λέγειν,ο
579 2992 675 3045 υτοος
691 2967 726 3033 δέ
748 2993 858 3034 ποιων
874 2961 931 3034 ούκ
952 2961 1121 3055 Ιἰσχύνετο.
1157 2994 1220 3034 των

147 3060 178 3131 δ’
205 3065 404 3186 ἐπιτηδείων
427 3070 571 3135 Μέλανα
599 3066 715 3152 μὲν
680 3095 739 3135 τον
760 3062 1023 3155 Αἰγύπτιον,
995 3095 1020 3156 ιμ
1049 3068 1085 3136 ἐκ
1106 3095 1220 3155 μειρα-

145 3174 217 3234 κίου
242 3153 382 3255 φίλος
362 3194 411 3254 ην,
435 3161 519 3258 ὅπερ
543 3169 641 3256 έλαβε
663 3164 746 3254 παρ
774 3164 876 3237 αύτού
883 3164 1053 3291 άργύριον
1076 3165 1220 3240 άποστε·

147 3268 259 3357 ρήσας,
283 3267 478 3352 ἐχθιστάς
463 3291 551 3338 εστι·
573 3299 641 3338 των
663 3273 700 3338 δὲ
723 3267 832 3338 άλλων
856 3265 957 3338 αυτού
980 3274 1139 3360 φίλων(
1106 3301 1139 3342 οι
1164 3275 1220 3359 μέν

233 3529 248 3579 Β
266 3521 371 3576 ἐλάττω
388 3526 414 3578 in
433 3543 484 3594 mg.
504 3531 526 3579 1.
594 3525 666 3581 am
684 3524 848 3580 κατέλιπεν
865 3557 898 3566 -
917 3531 930 3578 7
952 3526 1040 3593 λοχίαν
1052 3545 1101 3583 em.
1115 3529 1176 3583 Rsk.
1189 3558 1219 3568 -

148 3607 286 3666 ,πέδωκεν
304 3628 350 3679 pn,
369 3627 431 3664 corr.
453 3617 473 3666 1.
543 3607 589 3665 38.
608 3614 623 3663 2
641 3605 835 3683 ύπογράμματι
852 3642 886 3650 -
909 3610 1023 3685 ἐξετέθη
1040 3608 1114 3681 μάθ’
1132 3615 1220 3686 ἑτέρον

147 3697 180 3748 (le
197 3712 264 3761 meo,
283 3694 397 3762 ἐξετέθη
410 3696 537 3760 Schoem.‚
555 3693 670 3756 ἐξέκειτο
681 3694 757 3750 Rsk.:
776 3695 805 3758 έξ
817 3696 909 3768 ἑτέρου
922 3725 955 3736 ·—
968 3700 983 3751 3
1002 3694 1059 3750 οἵδε
1072 3698 1133 3752 Βίιρε
1152 3696 1219 3752 εἶδεν

147 3810 180 3820 —
198 3785 215 3834 4
232 3780 362 3833 οἰσοίσειν
379 3797 426 3847 pr.‚
444 3796 508 3835 corr.
528 3784 539 3832 1
560 3807 594 3818 —·
612 3782 627 3832 8
644 3774 711 3847 ύμῖν
728 3797 791 3834 corr.
812 3785 833 3846 1,
851 3774 912 3848 ύμ..
931 3797 970 3847 pr.
1043 3781 1088 3838 39.
1110 3789 1122 3837 l
1142 3781 1219 3836 λελει-

147 3913 279 3988 τούργησε
290 3932 338 3983 pr„
355 3883 387 3969 δι
404 3933 468 3968 corr.
485 3919 497 3967 1
517 3943 551 3953 -
570 3918 585 3968 3
603 3909 700 3985 δρᾶται
712 3931 759 3982 pr„
772 3921 859 3968 εστι-,1
880 3945 913 3955 -
931 3920 948 3970 4
965 3919 1070 3983 μείζων
1086 3949 1121 3958 -
1139 3924 1154 3973 6
1172 3916 1219 3983 τήν

144 3999 198 4054 δαί.
215 4001 288 4054 Turr.
306 4029 341 4040 -
358 4004 372 4053 ’ί
392 3995 543 4065 είληθνίαεε
562 4013 610 4051 em.
628 3999 722 4053 Baiter.
796 3999 841 4055 40.
860 4004 876 4054 4
894 4003 954 4052 ἐστὶ
972 4018 1036 4054 corr.
1056 4007 1079 4069 1,
1097 4025 1134 4057 ..ι
1151 4020 1186 4071 pr.
