2626 4476
127 103 130 110 '
145 96 184 159 26
626 96 735 151 ΙΣΑΙΟΥ
1156 115 1194 158 or.
1208 115 1226 156 ι.

142 268 310 356 μάρτυρος
332 274 476 335 τουτουί.
522 260 681 356 ἀπέφηνα
704 259 736 332 δ’
768 263 846 351 ὑμῖν
874 265 1093 355 πρῶτονμὲν
1120 290 1224 354 ποιη-

143 374 248 436 θέντα
271 367 413 453 ἐμαυτὸν
435 365 502 436 ὑπὸ
525 372 585 435 τοῦ
607 369 816 447 Μενεκλέους
838 365 885 447 αἱς
900 363 941 435 όν
955 392 1008 447 τις
1023 366 1224 435 δικαιότατα

142 475 316 560 ποιηθείη,
339 473 394 538 καί
419 464 456 538 06
480 470 566 558 λόγῳ
590 463 667 537 οδδδ
690 469 835 558 διαθήκη
857 469 917 558 τήν
936 476 1076 559 ποίησιν
1091 493 1222 558 μεγενη·

52 585 55 590 ’
91 583 128 639 45
143 577 254 660 μένην,
279 566 352 640 ἀλλ’
378 573 480 663 ἐ’ργῳ·
503 575 560 640 καὶ
580 569 707 639 τούτων
728 567 807 656 ὑμῖν
828 570 906 650 τοός
926 596 963 638 τε
981 570 1155 660 φράτερας
1169 573 1222 638 καὶ

142 672 219 752 τοὺς
242 674 388 763 δημότας
410 679 464 747 καὶ
492 673 570 752 τοδς
597 667 763 761 δρμεαῖνας
790 673 1005 763 παρεσχόμην
1033 671 1221 761 μάρτυρας·

142 777 198 842 καὶ
227 775 350 845 ἐκεῖνον
379 776 536 856 ἐπέδειξα
550 840 553 845 ,
567 782 645 864 τρία
677 777 734 842 καὶ
767 774 891 842 ε’ίκοσιν
925 774 1124 861 ἐπιβιοῦντα
1155 772 1219 862 ἔτη.

143 874 214 945 εἶτα
237 877 314 956 τοδς
336 878 458 963 νόμους
480 877 635 956 ἐπέδειξα
657 873 735 961 ὑμῖν
757 890 829 954 τοῖς
851 872 976 944 δίπαισι
996 881 1063 944 ταῖν
1084 868 1220 964 δνθραί·

142 1005 217 1047 πων
239 978 392 1059 ἐξουσίαν
422 979 576 1057 διδόντας
608 980 691 1057 υἱεῖς
724 983 915 1046 ποιεῖσθαι.
964 979 1019 1044 καί
1054 975 1105 1045 ἔτι
1133 975 1220 1065 πρός

141 1080 271 1158 τούτοις
294 1076 400 1160 ζῶντά
421 1105 458 1147 τε
480 1088 647 1170 φαίνομαι
668 1079 870 1167 θεραπεύων
900 1073 1000 1147 αδτδν
1025 1081 1083 1146 καί
1108 1080 1219 1147 τελευ-

89 1190 127 1247 46
142 1181 288 1268 νήσαντα
310 1180 443 1268 θάψας.
489 1177 584 1261 οὗτος
613 1183 649 1248 δὲ
677 1184 747 1249 νυνὶ
777 1177 916 1270 όκληρον
944 1179 1003 1264 μέν
1026 1178 1084 1265 ἐμὲ
1106 1194 1219 1250 ποιεῖν

139 1286 199 1350 τοῦ
226 1283 346 1372 κλήρου
369 1287 429 1351 τοῦ
459 1284 635 1373 πατρῴου,
666 1283 734 1350 εἴτε
760 1282 882 1368 μείζων
911 1280 1001 1350 ἐστὶν
1030 1275 1129 1361 οὗτος
1151 1282 1219 1351 εἴτε

141 1383 295 1467 ἐλάττων,
320 1380 451 1453 δίπαιδα
474 1386 510 1453 δὲ
532 1384 590 1453 τὸν
612 1383 853 1472 τελευτήσαντα
875 1386 930 1451 καί
954 1377 1127 1468 ἀνώνυμον
1141 1383 1218 1470 βοό·

141 1488 232 1554 λεται
255 1491 471 1575 καταστῆσαι,
495 1489 551 1555 ἵνα
572 1486 654 1576 μήτε
668 1486 711 1554 τὰ
728 1485 800 1576 ἱερὰ
815 1485 858 1553 τὰ
873 1488 1016 1613 πατρῷα
1030 1481 1118 1574 δπδρ
1134 1484 1217 1554 ἐκεί-

141 1613 197 1655 νου
219 1589 336 1677 μηδεὶς
357 1593 440 1677 τιμᾷ
461 1589 527 1678 μήτ
529 1581 756 1710 ἑναμίζη
719 1592 808 1675 αυτῷ
836 1581 919 1654 καθ
946 1587 1083 1654 ἕκαστον
1107 1586 1217 1656 ένιαυ-

139 1689 206 1772 τόν,
232 1683 350 1756 ἀλλὰ
332 1703 527 1778 αφαιρεῖται
543 1689 602 1767 τὰς
617 1689 717 1814 τιμὰς
731 1688 793 1767 τὰς
808 1687 987 1757 ἐκείνου·
973 1717 994 1756 α
987 1689 1218 1816 προνοηθεὶς

139 1786 355 1880 όΜενεκίής,
375 1791 488 1914 κύριος
502 1782 548 1858 ιδν
563 1796 629 1858 τῶν
651 1791 780 1872 ἑαυτοῦ,
804 1789 1042 1878 ἐποιήσατο(
1009 1789 1083 1858 υιδν
1098 1790 1217 1878 ἑαυτῷ,

88 1892 156 1958 4⁷⁰
141 1918 195 1959 ινα
216 1892 343 1960 τούτων
367 1889 525 1960 ἁπάντων
553 1891 703 1980 τυμγόνη.
748 1890 791 1980 μή
821 1879 895 1974 οδν,
923 1880 950 1959 ὦ
980 1888 1112 2011 ἄνδρες,
1141 1917 1216 1961 πει-

139 1991 315 2072 σθέντες(
299 1995 365 2062 υπδ
389 1994 515 2063 τούτων
538 1988 714 2084 ἀφέλησθέ
735 2019 800 2078 μου
821 1993 859 2061 τδ
883 1989 990 2078 δνομα
1016 1999 1076 2082 τής
1096 1996 1217 2085 κληρο-

140 2101 266 2178 νομίας,
291 2095 309 2161 6
333 2095 381 2164 ἐ’τι
404 2096 506 2181 μόνον
529 2095 650 2164 λοιπόν
673 2091 818 2173 ἐστιν,”
796 2121 915 2185 ακυρον
938 2097 975 2162 δὲ
996 2095 1056 2184 τήν
1075 2103 1216 2188 ποίησιν

139 2189 240 2262 αὐτοῦ
267 2198 503 2288 καταστήσητε.
549 2190 623 2264 ἀλλ’
655 2195 770 2286 ἐπειδή
805 2196 843 2264 τδ
877 2201 1016 2286 πρᾶγμα
1048 2198 1097 2276 εἰς
1129 2196 1217 2284 ὑμᾶς

139 2291 279 2387 ἀφῖκται
306 2303 363 2369 καὶ
384 2297 479 2387 ὑμεῖς
505 2294 612 2388 κόριοι
639 2299 809 2387 γεγόνατε,
837 2299 1033 2388 βοηθήσατε
1058 2303 1116 2368 καί
1137 2297 1216 2388 ἡμῖν

138 2402 193 2467 καὶ
216 2399 329 2527 ἐκείνην
352 2429 398 2490 τιμ
423 2401 456 2469 ἓν
478 2395 635 2469 Ἄιδου”
615 2427 697 2483 οντι,
719 2402 776 2467 καί
798 2426 842 2489 μη
867 2402 1105 2491 περιίδητε-
1128 2403 1216 2492 πρὸς

39 2553 40 2557 ,
136 2506 228 2623 θεων
256 2507 312 2572 καὶ
341 2504 510 2626 δαιμόνων
540 2497 707 2586 δέομαι
691 2526 859 2584 υμων-
891 2507 1215 2593 προπηλακισθέντα

138 2597 238 2672 αδτδν
260 2603 326 2673 όπδ
350 2606 491 2686 τούτων,
519 2597 605 2670 ἀλλὰ
632 2608 833 2691 μεμνημένοι
861 2608 922 2671 τοῦ
950 2605 1130 2691 νόμοσκαὶ
1155 2610 1215 2675 τοό

136 2697 235 2792 όρκου
257 2705 296 2773 δν
318 2700 515 2790 ὀμωμόκατε
536 2707 592 2771 καί
614 2708 680 2771 τιῦν
704 2703 883 2794 εἰρημένων
911 2701 997 2794 ὑπὲρ
1022 2709 1084 2773 τοῦ
1105 2706 1214 2795 πρόγ·

137 2831 251 2889 ματος,
274 2805 316 2873 τὰ
340 2807 453 2875 δίκαια
474 2809 531 2873 καὶ
553 2803 621 2890 [τὰ]
645 2800 763 2893 εὔορκα
790 2805 874 2873 κατὰ
896 2806 974 2885 τοδς
1000 2807 1122 2892 νόμους
1144 2822 1213 2898 ψη-

138 2914 301 2995 φίσασθε.

206 3116 229 3165 3.
242 3117 258 3166 4
276 3111 394 3181 ἐμαυτὸν
406 3113 563 3179 ποιηθέντα
575 3114 595 3176 Q
609 3145 641 3154 -
655 3119 670 3168 5
682 3113 803 3180 ποιηδήι
817 3115 864 3167 em'.
877 3114 925 3166 Bk.
938 3116 1133 3186 -γενομένην
1145 3116 1166 3179 Q
1179 3144 1212 3156 -

137 3200 153 3250 6
170 3190 231 3249 ἀλλ’
245 3200 317 3269 ἔργῳ
330 3201 389 3250 ante
401 3194 453 3264 τήν
462 3215 492 3251 π.
505 3199 597 3254 ευΙΙοα.
610 3199 639 3261 Q.
691 3199 737 3254 45.
751 3204 765 3252 3
780 3195 925 3266 ἐπιβιόντα
934 3200 1062 3266 Βειιιοεις
1074 3229 1108 3240 -
1120 3205 1136 3254 4
1148 3194 1212 3268 ὑμῖν

136 3278 197 3334 τοδε
214 3274 300 3335 ἅπασι
313 3285 370 3336 τοῖν
385 3276 561 3352 ἀνθρώπειος
580 3299 628 3338 em.
641 3284 702 3337 Nbr.
770 3283 816 3338 46.
836 3287 848 3337 1
869 3284 974 3346 ποιοῖο
993 3314 1026 3322 -
1044 3284 1124 3338 κεῖ..
1142 3287 1212 3350 (ante

135 3369 247 3432 μείζων)
265 3369 287 3419 Α
305 3383 352 3434 με,
375 3367 429 3419 εἴτε
447 3382 510 3419 corr.
533 3372 542 3420 l
569 3399 603 3408 -
621 3373 645 3423 2.
664 3372 679 3422 3
697 3368 738 3421 εἴτ
743 3407 804 3422 .....
823 3365 932 3422 ίιὶττων
948 3371 971 3421 Α
989 3385 1036 3437 pr„
1055 3385 1119 3423 corr.
1141 3375 1151 3422 1
1178 3397 1212 3408 -

137 3454 151 3503 5
169 3447 235 3520 μήτ’
253 3451 351 3504 Bromi:
368 3440 433 3519 μήδ’
453 3480 486 3491 -
504 3447 589 3505 αὖτὸν
605 3455 627 3505 Α
645 3469 692 3521 pn,
710 3468 774 3506 corr.
795 3457 807 3507 1
826 3483 861 3493 -
878 3456 894 3507 6
911 3450 959 3507 τὰς
978 3451 1057 3521 τιμὰς
1069 3468 1119 3506 om.
1137 3453 1159 3516 Q
1178 3481 1212 3494 -

136 3532 183 3587 τάε
195 3536 245 3588 έναι
264 3535 293 3587 [ί.
310 3529 411 3588 ταόταε
428 3537 464 3587 έκ.
533 3534 575 3591 47.
594 3541 609 3589 2
626 3556 693 3605 μους
703 3556 738 3606 με
753 3538 773 3599 0
792 3568 826 3578 -
844 3541 859 3592 3
878 3538 954 3592 ἐστιν
971 3537 1115 3608 Tyrwhitt:
1133 3541 1212 3592 ἔσται

136 3649 168 3658 -
190 3623 206 3672 4
224 3615 441 3686 καταστήσετεΑ
462 3650 492 3659 -
512 3625 527 3674 5
545 3624 590 3674 καὶ
602 3627 662 3690 post
678 3619 841 3690 βοηθήσατε
857 3637 906 3676 om.
922 3623 943 3684 Ο
968 3653 1002 3662 -
1023 3620 1209 3692 ήμῖνεέμοίΟ

136 3733 169 3742 -
188 3707 203 3758 8
215 3703 274 3756 τῶν
282 3722 313 3757 τε
324 3699 450 3771 νόμωνΟ
470 3734 503 3744 -
521 3708 536 3758 9
554 3705 705 3778 εἰρημένων
715 3701 785 3778 δπδρ
796 3707 855 3761 τοδε
874 3708 1029 3778 ίχρημίνιυν
1042 3703 1080 3761 δι’
1091 3702 1177 3762 αὐτοῦ
1190 3707 1210 3770 Q

136 3818 169 3828 -
189 3791 220 3842 10
237 3786 272 3842 τὰ
290 3804 340 3843 om.
358 3790 380 3842 A
398 3807 445 3858 pr„
463 3805 483 3842 s.
496 3806 521 3846 v.
539 3791 595 3844 add.
610 3795 636 3844 1:
656 3792 705 3845 del.
724 3791 786 3846 Gob.
