2626 4476
147 255 188 313 90
630 247 736 302 ΙΣΑΙΟΥ
1157 269 1192 312 or.
1206 272 1227 311 τ.

147 427 282 513 ἔγνωκε·
312 423 403 510 νάμφ
432 421 494 507 γάρ
523 423 571 506 τηῦ
600 415 732 506 άρχοντι
754 422 821 484 τῶν
851 418 960 498 οἴκων,
989 409 1086 495 ὅπως
1115 408 1157 486 άν
1178 419 1223 507 μή

96 527 378 616 31ἒξερημῶνται,
401 522 603 610 προστάττει
625 518 684 608 τὴν
700 518 903 603 ἐπιμέλειαν.
949 517 1062 607 ἐκείνῳ
1078 520 1114 587 δὲ
1137 521 1225 609 πρό-

147 631 246 718 δηλον
267 616 308 716 ήν
329 620 383 694 ὅτι
406 624 436 692 εἰ
456 626 657 708 καταλείψει
679 621 736 688 τὸν
758 624 877 709 κλήρου
900 620 957 687 ἐπὶ
984 621 1124 700 τούτοις,
1148 622 1224 712 ἕρη-

146 757 209 815 μον
224 729 360 818 ποιήσει
375 727 433 795 τὸν
449 723 549 794 οἶκον.
582 731 617 791 τί
632 727 837 811 προορῶντι,
852 722 975 800 ταύτας
995 722 1056 802 τὰς
1072 718 1223 814 ἀδελφὰς

145 833 204 900 τὸν
219 833 278 918 μὲν
292 827 550 912 Ἀπολλοδώρου
566 830 624 892 τοῦ
640 819 788 914 άδελφοῦ
802 827 921 913 κλήρου
937 823 1083 907 ἐχούσας,
1108 825 1221 915 ἐκείνῳ

147 929 178 1001 δ’
205 927 263 1001 οῦκ
292 930 511 1008 είσποιοῦσας
539 924 644 997 ῦντιον
668 921 784 1006 αῦταῖς
806 927 948 1009 παίδων,
977 931 1034 994 καὶ
1061 926 1141 1006 τοῦς
1163 930 1222 1014 μέν

148 1033 270 1125 ἄνδρας
294 1028 402 1102 αῦτῶν
423 1030 483 1120 τήν
505 1034 574 1118 χήν,
597 1029 637 1113 ήν
660 1029 782 1109 ἐκεῖνος
804 1032 972 1111 κατέλιπε,
1002 1032 1058 1096 καὶ
1080 1029 1123 1096 τά
1145 1031 1221 1120 κτή-

146 1165 236 1222 ματα
258 1142 359 1204 πέντε
385 1132 557 1200 ταλάντων
580 1131 796 1217 πεπρακότας
824 1133 879 1198 καὶ
901 1130 938 1198 τδ
969 1125 1126 1218 ἀργύριον
1149 1133 1222 1201 δια-

147 1242 372 1321 νειμαμένους,
387 1234 446 1303 τδν
462 1235 498 1301 δὲ
514 1230 604 1301 οἷκον
620 1233 763 1318 αἰσχρῶς
779 1227 884 1311 οῦτιυς
898 1236 952 1300 καὶ
974 1233 1091 1313 δεινῶς
1107 1233 1221 1324 ἐξηρη-

94 1354 133 1409 82
147 1344 310 1423 μωμένον.
354 1336 392 1416 ὃς
414 1335 453 1424 δή
477 1329 572 1402 ταῦτ’
598 1330 671 1421 Ιῦδει
693 1334 751 1402 τὸν
773 1335 899 1402 τούτων
922 1329 1070 1424 άδελφδν
1092 1361 1220 1406 πεπον-

145 1442 244 1520 θότα,
269 1443 344 1518 πῶς
360 1429 399 1505 άν
414 1437 661 1526 προσεδόκησεν
677 1429 785 1516 αῦτὸς,
810 1423 910 1503 εἶκαὶ
932 1440 1031 1526 φίλος
1045 1424 1095 1526 ἦν,
1113 1455 1222 1523 τυχεῖν

146 1546 212 1608 τῶν
235 1541 458 1626 νομιζομένων
480 1534 542 1607 ὑπ’
569 1536 687 1620 αῦτῶν,
712 1532 853 1621 άνεψιδς
876 1529 922 1605 ῶν
946 1533 1023 1605 ἀλλ’
1044 1535 1102 1608 οῦκ
1123 1535 1220 1609 άδελ-

147 1643 212 1732 φάς
235 1637 370 1725 αῦταῑς,·
392 1637 449 1709 οῦκ
472 1641 546 1730 ἐνῆν
569 1641 707 1709 ἐλπίσαι
735 1640 918 1729 δήπουθεν.
956 1634 1058 1709 Ἀλλὰ
1079 1643 1147 1731 μὴν
1169 1637 1219 1712 ὅτι

147 1743 279 1811 άπαιδα
302 1743 426 1811 ἐκεῖνον
447 1744 696 1831 περιεωράκασι
717 1745 772 1809 καὶ
794 1740 835 1808 τά
855 1742 1009 1831 χρήματα
1032 1745 1145 1828 έχουσι
1166 1749 1219 1812 καί

146 1845 236 1913 οἷκον
259 1845 293 1913 ἐκ
314 1850 373 1913 τοῦ
396 1848 542 1935 φανεροῦ
564 1848 823 1932 τριηραρχοῦντα
838 1838 1031 1932 άνηρήκασι,
1054 1846 1150 1915 κάλει
1163 1874 1218 1932 μοι

144 1951 200 2014 καὶ
222 1948 348 2015 τούτων
369 1947 448 2024 τοῦς
468 1945 647 2031 μάρτυρας.

568 2051 790 2103 ΜΑΡΤΥΡΕΣ.

94 2147 131 2203 83
239 2133 280 2199 Ei
305 2139 417 2199 τοίνυν
445 2134 502 2198 καὶ
529 2136 677 2199 τοιοῦτοι
710 2131 780 2210 τὰς
802 2128 919 2221 φάσεις
947 2136 1024 2218 περὶ
1059 2130 1218 2224 ἀλλήλους

145 2236 213 2302 εἰσὶ
234 2232 289 2301 καὶ
312 2234 433 2317 ἔχθραι
455 2232 541 2318 πρὸς
555 2227 812 2322 Ἀπολλόδωρον
830 2234 889 2302 τδν
911 2234 968 2320 ἐμὲ
990 2239 1218 2327 ποιησάμενον

144 2333 291 2424 ὑπῆρχον
321 2329 435 2415 αῦτοῖς
461 2338 654 2426 τηλικαῦται
682 2335 720 2402 τὸ
755 2341 914 2422 μέγεθος,
949 2345 984 2405 τί
1014 2342 1149 2425 βέλτιον
1179 2331 1217 2408 άν

145 2437 286 2524 ἐ’πραξεν
315 2428 337 2528 ή
364 2441 470 2504 ταῦτα
497 2438 761 2523 βουλευσάμενος
784 2431 805 2504 ά
830 2464 895 2526 περ
920 2438 1095 2530 ἐποίησας
1128 2440 1216 2529 είνή

143 2541 213 2602 Δία
234 2538 374 2606 παιδίον
396 2539 580 2627 ἐποιήσατο
603 2539 714 2626 λαβῶν
742 2541 836 2628 παρά
857 2567 916 2608 του
941 2547 1008 2610 τῶν
1029 2547 1141 2633 φίλων
1163 2539 1216 2612 ὅν-

142 2643 295 2715 των,-καὶ
317 2641 424 2728 τοῦτφ
452 2639 513 2728 τήν
541 2635 658 2708 σῦσίαν
680 2640 819 2726 ἔδωκεν,
848 2637 933 2710 άλλδι
956 2642 1032 2732 [καὶ]
1061 2639 1154 2714 τοῦτ’
1178 2632 1216 2734 ήν

143 2735 265 2828 άδηλον
286 2745 435 2821 καὶτοῖς
457 2742 661 2830 γεννήσασιν,
685 2743 752 2810 ε’ίτε
774 2745 961 2812 σπουδαῖον
987 2747 1055 2814 ε’ίτε
1076 2746 1215 2838 μηδενὸς

92 2858 129 2914 34
144 2836 238 2918 άξιον
261 2841 394 2924 ἐ’μελλεν
417 2843 574 2925 ἐ’σεσθαι,
599 2843 655 2910 διὰ
677 2843 736 2933 τήν
757 2843 904 2936 ἡλικίαν·
934 2846 1015 2932 ἐμοῦ
1037 2849 1073 2916 δὲ
1096 2865 1215 2937 πεῖραν

143 2941 282 3031 εἰλήφει,
308 2944 505 3028 δοκιμασίαν
530 2944 643 3033 ἱκανήν
659 2947 780 3033 λαβών.
818 2950 867 3028 ε’ίς
881 2975 919 3016 τε
931 2949 996 3038 γάρ
1010 2949 1070 3018 τδν
1085 2957 1214 3040 πατέρα

141 3046 197 3110 καὶ
224 3044 285 3131 τήν
312 3051 439 3133 μητέρα
459 3047 468 3131 Ι
484 3045 554 3124 οίος
580 3034 620 3135 ήν
650 3041 793 3135 άκριβῶς
815 3047 903 3138 ᾔδει,
932 3055 998 3118 τῶν
1025 3047 1058 3118 τ’
1085 3053 1214 3122 οἰκείων

142 3143 284 3232 ἐπιμελῆ
305 3150 361 3214 καί
382 3142 553 3233 τάμαυτοῦ
573 3149 734 3238 πράττειν
750 3151 988 3237 ἐπιστάμενον·
1012 3152 1046 3220 έν
1065 3149 1149 3243 ἀρχή
1168 3179 1212 3235 τε,

141 3248 416 3336 δεομοδετήσας,
440 3246 486 3329 ῶς
508 3249 663 3339 ἐγενόμην
685 3245 742 3319 οῦκ
765 3248 879 3332 άδικος
909 3248 985 3321 οῦδὲ
1007 3257 1211 3345 πλεονέκτης,

140 3340 308 3434 ἠπίστατο
337 3355 463 3441 σαφῶς.
508 3345 589 3418 ὥστ’
615 3347 673 3418 οῦκ
701 3346 827 3439 άγνοιῦν
857 3349 941 3422 ἀλλὰ
970 3361 1088 3446 σαφῶς
1118 3356 1212 3435 είδῶς

89 3464 127 3522 85
143 3448 254 3518 ἐποίει
274 3477 317 3535 με
332 3455 398 3519 τῶν
414 3447 515 3532 αῦτοῦ
529 3452 650 3540 κύριον.
694 3457 749 3521 καὶ
771 3453 835 3541 μήν
851 3450 927 3524 οῦδὲ
944 3450 1120 3543 ἀλλότριον
1137 3450 1208 3526 ἀλλ’

140 3547 221 3619 δ’ντα
245 3547 453 3643 ἀδελφιδοῦν,
478 3547 548 3620 οὐδ’
576 3541 616 3621 αῦ
638 3555 740 3643 μικρὰ
763 3557 951 3637 πεπονθώς
979 3553 1065 3626 άλλά
1086 3561 1213 3649 μεγάλα

224 3741 240 3792 8
258 3731 330 3792 δατ
345 3754 393 3806 pn,
410 3756 474 3793 corr.
495 3746 517 3796 1.
586 3741 629 3798 81.
648 3747 662 3796 2
681 3736 724 3797 δτι
743 3745 767 3796 εἰ
782 3746 808 3796 in
826 3749 904 3799 τεαί
920 3747 971 3799 litt.
990 3761 1054 3802 αοπ.
1075 3751 1088 3800 1
1106 3776 1142 3789 -·
1159 3749 1209 3802 8.9

138 3821 408 3892 ίξιρημυμίνονιρτ,
426 3841 488 3880 corr.
509 3831 531 3880 1.
593 3825 639 3882 83.
660 3832 672 3881 1
691 3822 815 3895 άλλήίρ..
834 3846 880 3898 pr„
899 3828 995 3884 υοπ.’ῖ1
1015 3861 1049 3872 -
1067 3836 1084 3886 3
1102 3829 1210 3886 αδταῖσε

140 3922 188 3959 em.
205 3905 269 3962 ask.
286 3938 321 3948 -
339 3912 354 3962 4
372 3909 396 3962 εί
414 3916 443 3964 ut
460 3911 512 3968 vid.
525 3929 562 3980 pr.
580 3914 622 3979 (ci.
636 3913 714 3980 Νίκη,
733 3908 749 3979 ἢ
767 3929 831 3967 corr.
848 3919 857 3967 ί
877 3942 911 3955 -
929 3920 945 3968 6
962 3918 1008 3966 καί
1026 3916 1076 3970 del.
1095 3917 1153 3970 Βία.

138 3989 183 4046 34.
201 3995 215 4044 2
234 3993 306 4046 εἴστε
323 4010 387 4047 corr.
405 3999 428 4060 2,
446 3994 505 4048 ἴστε
521 4012 559 4063 pr.
