2626 4476
89 287 114 329 φ,
128 275 161 318 4⁸,
362 250 438 304 σενι
455 249 520 303 τοι
536 248 762 303 αιτοτιωτοι
779 247 917 302 666606.
1134 231 1178 305 ια’

91 441 170 505 ταῖς
197 428 257 493 666
285 424 472 498 τεθνεῶτος
495 417 676 548 διαθήκαις
698 421 969 506 μεταγραφήναι·
996 410 1092 485 66666
1113 417 1176 505 γὰρ

93 530 222 650 μᾶλλον
245 527 278 593 οἱ
299 524 464 611 μάρτυρες
487 521 644 602 6'6606666,
674 545 704 586 66
694 514 782 644 ἐφ’
810 519 863 599 αἷς
885 519 1074 644 ἐκλήθησαν
1101 521 1175 587 δια-

94 625 229 720 θήκαις,
252 622 353 703 οὗτοι
377 620 637 716 ἇποφαένοωνται
689 618 795 744 666666
818 623 853 689 δὲ
875 625 930 689 καὶ
952 621 1031 700 6669
1052 618 1176 707 δμολο-
1193 631 1229 687 16

93 737 263 854 γρυμένως
284 731 576 848 παραγενομένους
599 717 726 792 οἷόν
693 751 712 790 τ
748 722 838 791 ἐστὶν
861 722 1080 812 ἐξαπατήσαι,
1103 729 1178 803 πῶς

94 829 157 902 οὐκ
177 823 218 900 66
240 829 327 916 ὑμᾶς
348 854 388 952 γε
406 827 484 906 τοὺς
505 827 608 916 μηδὲν
629 829 690 893 666
712 826 909 948 πράγματος
936 826 1067 904 εἰδότας
1090 824 1177 893 πολὺ

96 932 289 1023 [μᾶλλον]ε
274 929 491 1055 ετοιμότερόν
507 954 560 1007 τις
581 927 889 1016 παρακρούσασθαι
910 927 1115 1018 έγχειρήσαι,·

151 1029 286 1102 Ἀλλὰ
308 1027 491 1120 μήνκαὶ
473 1030 626 1116 υνόμος,
649 1055 676 1095 ω
662 1017 701 1114 Ι
722 1025 849 1117 666669‚
873 1023 931 1097 οὐκ
954 1028 1011 1097 έάν
1032 1055 1084 1109 τις
1107 1029 1178 1097 δια-

96 1143 215 1238 θήται
234 1136 352 1222 μόνον,
382 1140 457 1222 κυρέ
459 1159 500 1212 ας
444 1129 615 1201 666666
642 1132 766 1200 κελεύει
795 1131 856 1211 669
882 1132 1062 1220 διαθήκας,
1094 1127 1179 1199 ἀλλὰ

97 1237 213 1306 666'
180 1262 216 1306 66
240 1261 384 1333 φροναν
429 1239 590 1302 σκεπτέον
621 1230 710 1322 666
711 1248 768 1318 μιν
791 1234 1008 1322 πρῶτονμὲν
1031 1233 1180 1302 εἰέποι-

97 1341 205 1462 ήσατο
234 1339 295 1463 669
324 1336 553 1427 διαθήκας,”
537 1361 655 1403 επειτα
686 1337 761 1459 666
749 1336 793 1424 666
824 1341 1005 1424 παρανοῶν
1033 1339 1178 1405 διέθετο.

101 1542 325 1632 διαθήκαςβ
311 1568 346 1608 εκ
367 1547 459 1620 τινος
482 1532 521 1607 66
542 1541 694 1660 τρόπου,
705 1541 738 1606 εἴ
757 1565 809 1619 τις
830 1545 1013 1629 παρανοῶν
1036 1542 1181 1624 διέθετο,

101 1648 244 1765 γνοίητε,
267 1646 348 1733 πρὶν
370 1646 452 1732 περὶ
474 1636 576 1710 αὐτοῦ
597 1647 658 1710 τοῦ
680 1644 871 1711 διαθέσθαι
886 1648 1083 1728 πιστεῦσαι;
1105 1644 1182 1722 τοὺς

100 1733 223 1831 μὲν
185 1771 243 1813 ουν
263 1745 349 1812 κατὰ
364 1744 431 1833 666
446 1738 575 1812 66666'
557 1771 578 1810 6
579 1742 891 1833 μφισβητοῦντας
873 1749 974 1832 ορᾶτε
992 1740 1072 1813 ὅσον
1088 1746 1182 1834 εργον

102 1848 195 1916 έστλν
218 1848 411 1915 αἰσθέσθαι
433 1847 464 1914 66
480 1840 594 1970 ἆληθή
617 1848 758 1932 λέγουσι,
781 1847 860 1927 6069
882 1848 919 1915 δὲ
931 1874 1016 1915 κατα
1028 1876 1066 1917 το
1090 1855 1184 1936 γένος

102 1951 319 2039 πρῶτονμὲν
336 1944 438 2016 ὀὐδὲν
467 1949 519 2016 δεῖ
546 1947 717 2037 μάρτυρας
739 1956 979 2072 παρασχέσθαι
1006 1947 1052 2030 ῶς
1075 1949 1183 2018 αὑτῶν

101 2050 191 2120 εστιν
220 2049 237 2120 6
268 2053 455 2140 κλῆρος-
484 2048 579 2137 παρὰ
610 2051 746 2118 πάντων
774 2051 837 2140 γὰρ
869 2048 1080 2142 ὡμολόγηται
1112 2067 1184 2131 τοῖς

103 2153 269 2276 666666666
284 2159 397 2240 γένους
411 2152 454 2219 66
468 2178 527 2220 666
515 2152 797 2240 τελευτήσαντος
811 2159 1050 2240 γίγνεσθαι,
998 2191 1042 2203 -
1064 2153 1183 2221 ’ἔπειτα
1199 2158 1235 2214 16

104 2255 138 2322 ολ
161 2254 260 2338 νόμοι
288 2249 326 2321 66
355 2255 459 2339 μόνον
482 2255 515 2320 οι
537 2257 618 2342 περὶ
639 2259 706 2321 τῶν
727 2259 830 2341 γενῶν
857 2249 942 2322 6666
970 2259 1027 2323 καὶ
1050 2257 1082 2324 οἱ
1105 2259 1185 2344 περὶ

102 2360 170 2423 τῶν
193 2355 319 2424 δόσεων
341 2369 414 2433 τοῖς
436 2361 606 2480 συγγενέσι
626 2360 806 2481 βοηθοῦσι.
860 2357 977 2424 δοῦναι
998 2357 1117 2481 μὲν
1079 2384 1142 2444 γαρ
1165 2354 1182 2424 6

103 2458 206 2542 νόμος
229 2452 339 2525 οὐδενὶ
362 2455 460 2546 ἐᾷ
422 2482 464 2522 τα
487 2455 615 2538 ἑαυτοῦ,
647 2455 705 2524 666
726 2454 793 2524 6666
817 2459 925 2546 γήρως
951 2450 972 2546 6
993 2456 1060 2525 ὑπὸ
1085 2459 1184 2526 νόσου

102 2550 124 2647 6
135 2556 214 2627 6666
238 2563 306 2626 τῶν
329 2554 439 2625 ἄλλων
463 2557 484 2623 6
505 2561 563 2625 καὶ
584 2555 679 2642 ὑμεῖς
700 2559 775 2625 ἰ’στε
795 2559 1010 2647 παρανοήσῃ·
1039 2559 1125 2626 κατὰ
1148 2561 1184 2626 δέ

102 2659 142 2728 τὸ
167 2666 260 2747 γένος
280 2663 338 2726 καὶ
358 2658 401 2725 τὰ
424 2663 484 2725 τοῦ
499 2656 658 2727 ὁπωσοῦν
681 2660 889 2747 διακειμένου
907 2657 923 2727 6
949 2660 1108 2748 ἐγγύτατα
1129 2667 1183 2748 γέ-

104 2786 183 2839 νους
211 2755 514 2850 ἀναμφισβητήτως
543 2761 716 2845 λαμβάνει.
763 2765 867 2851 χωρὶς
895 2763 932 2830 δὲ
960 2762 1086 2829 τούτων
1108 2777 1184 2841 ταῖς
1204 2769 1237 2825 16

102 2864 165 2948 μὲν
188 2860 369 2950 διαθήκαις
392 2861 449 2929 666
471 2862 647 2950 μαρτύρων
669 2860 756 2948 66669
779 2865 831 2931 δεῖ
845 2868 1035 2945 πιστεῦσαι,
1058 2857 1118 2952 ὑφ’
1138 2857 1185 2931 ῶν

104 2964 155 3031 ένι
176 2965 233 3030 καὶ
255 2961 514 3053 ἐξαπατηθῆναι
535 2986 582 3013 -’
600 2958 638 3031 66
653 2962 716 3052 γὰρ
733 2956 773 3032 66
786 2952 872 3053 ἦσαν
887 2966 1185 3087 ψευδομαρτηριῶν

106 3063 374 3152 δπισκήψεις-,
396 3070 438 3153 τῇ
461 3059 530 3131 δΗ
513 3072 684 3154 αγχιστεέρι
648 3061 784 3133 666³
767 3071 860 3150 υμῶν
876 3061 1001 3134 αὐτῶν·
1024 3065 1108 3133 κατὰ
1123 3065 1185 3154 γὰρ

104 3165 185 3244 6669
199 3166 322 3251 νόμους
338 3169 371 3234 οἱ
386 3182 552 3286 συγγενεῖς
567 3162 897 3296 ἀμφισβητοῦσιν,
866 3168 922 3247 669
936 3165 1030 3253 ὑμεῖς
1046 3167 1184 3235 έθεσθε.

105 3266 195 3356 πρδς
217 3268 253 3334 δὲ
274 3269 415 3350 τούτοις,
438 3295 465 3333 ω
452 3255 615 3357 ἄνδρες,
639 3293 669 3334 ει
658 3269 807 3353 '‘6666
774 3294 808 3335 οι
829 3269 913 3336 κατὰ
935 3269 996 3347 669
1019 3270 1185 3357 διαθήκας
1202 3280 1238 3336 18

107 3363 396 3459 ἀμφισβητοῦντες
410 3366 683 3539 ὁμολογουμένως
694 3371 914 3460 Νικοστράτῳ
928 3368 1150 3490 έπιτήδειοι”
1130 3397 1186 3437 ον-

105 3494 161 3549 669
184 3470 425 3558 έτύγφανον,
390 3497 428 3538 το
452 3474 495 3556 μδ
496 3500 513 3540 ν
536 3467 670 3560 ἀκριβές
692 3463 814 3538 οὐδ’Ἃ
791 3500 832 3539 66
858 3466 972 3554 οὕτως,
996 3465 1087 3556 ὅμως
1108 3479 1186 3556 μέν·

195 3662 210 3713 8
228 3652 442 3731 ἀποφαίνωνται
466 3674 514 3710 em.
531 3659 592 3711 Dbr.
672 3657 715 3712 14.
736 3663 745 3709 1
768 3653 997 3728 ὁμολογουμένους
1017 3676 1065 3728 φα,
1088 3677 1152 3713 corr.
1173 3668 1184 3714 1

105 3772 141 3782 -
159 3745 176 3796 4
193 3739 298 3809 μᾶλλον
310 3742 359 3796 del.
373 3741 405 3794 de
417 3757 476 3795 meo
493 3772 527 3781 -
545 3737 725 3814 ἐγχειρήσειεν
737 3741 814 3796 Schb.
833 3771 866 3782 -
885 3747 901 3796 6
919 3742 990 3796 εἶναι
1001 3745 1028 3796 in
1040 3761 1089 3799 ras.
1103 3745 1184 3799 6661

105 3856 141 3866 -—
160 3831 173 3878 7
194 3823 229 3892 δή
244 3826 320 3880 666:
339 3822 367 3879 δ’
387 3857 419 3865 -
439 3830 454 3881 8
471 3825 510 3894 666
527 3843 548 3880 6.
559 3843 585 3880 τ.
601 3832 612 3880 1
626 3827 711 3892 (initio
723 3827 838 3880 voluisse
850 3827 901 3879 vid.
914 3829 982 3895 μιν).
1029 3829 1072 3885 15.
1091 3834 1107 3886 3
1125 3834 1188 3902 περὶ

107 3928 129 3964 6.
141 3928 166 3964 v.
182 3915 204 3963 1·
215 3938 247 3950 —
266 3914 283 3965 4
300 3907 539 3979 ἂμ·.ι’σβητοῦνται
556 3928 603 3980 φα,
621 3927 685 3964 corr.
701 3915 722 3965 1.
791 3908 834 3966 16.
853 3916 868 3966 3
886 3914 938 3979 μὲν
949 3928 970 3964 s.
982 3929 1007 3967 ν.
1024 3919 1033 3966 1
1054 3945 1087 3952 -
1106 3920 1120 3967 7
1140 3908 1188 3981 ἀμ-

108 3989 286 4066 φισβητήτωι
297 4013 343 4064 pr„
357 4012 422 4049 corr.
437 3999 460 4049 2.
513 3995 556 4051 16
572 4000 584 4048 1
598 3995 623 4048 εἰ
635 4012 698 4051 corr.
712 3999 736 4061 2,
754 3995 782 4048 οἱ
792 4011 830 4064 pr.
843 4027 876 4036 -
895 4001 910 4050 3
928 3991 1016 4050 66666
1027 3995 1114 4066 ἐφάνη
1126 3998 1187 4051 Rsk.

160 4089 244 4133 16:666.
984 4086 1001 4136 4
