2626 4476
126 238 165 300 16
611 237 719 291 ικιιοκ
1135 251 1206 295 ωε

125 406 259 497 ἄνδρες,
288 401 388 497 φίλος
415 393 455 496 ῆν
480 409 536 474 καὶ
566 405 755 495 ἐπιτήδειος
784 405 964 483 Μενεκλεῖ,
998 405 1054 468 καὶ
1084 400 1204 491 ἐχρῆτο

125 511 271 589 οἰκείως·
314 495 396 597 ῆμεν
420 509 455 575 δὲ
478 501 568 595 αὐτῷ
591 508 712 586 παῖδες
734 511 888 594 τέτταρες
910 500 1020 592 ἡμεῖς,
1052 501 1111 570 δύο
1141 505 1204 588 μὲν

125 614 223 694 υἱεῖς,
254 611 312 678 δόο
341 611 377 677 δὲ
404 613 595 697 θυγατέρες.
640 608 897 696 τελευτήσαντος
925 607 961 673 δὲ
983 609 1043 672 τοῦ
1071 604 1205 694 πατρὸς

126 713 295 797 ἓκδίδομεν
317 709 413 802 ἡμεῖς
433 710 494 799 τῆν
523 715 750 799 πρεσβυτέραν
780 703 944 798 άδελφῆν,
976 705 1092 795 ἐπειδὴ
1118 704 1205 790 εἶχεν

89 827 110 880 4
127 808 226 902 ὥραν,
242 808 463 902 Λευκολόφῳ,
484 825 608 900 προῖκα
623 811 797 890 ἐπιδόντες
813 811 919 878 ε’ίκοσι
933 813 1027 894 μνᾶς.
1061 811 1118 876 καί
1135 802 1201 876 ἀπ’

126 915 249 984 ἐκείνου
272 920 332 984 τοῦ
351 909 471 1003 χρόνου
493 913 640 1001 τετάρτῳ
664 912 731 980 ἐ’τει
751 903 773 1000 ῆ
795 917 942 998 πέμπτῳ
965 905 1103 1000 ὕστερον
1128 904 1205 1000 ῆτε

126 1011 253 1107 ἇδελφῆ
282 1015 362 1106 ἡμῖν
384 1015 404 1105 ῆ
435 1020 578 1105 νεωτέρα
602 1013 718 1098 σχεδὸν
739 1010 871 1103 ῆλικίαν
894 1010 978 1097 εἶχεν
1006 1007 1101 1102 άνδρὶ
1125 1034 1204 1080 συν-

125 1133 237 1201 οικεῖν,
259 1121 315 1186 καί
337 1122 386 1205 τῴ
408 1119 572 1186 Μενεκλεῖ
594 1112 613 1205 ῆ
635 1116 713 1205 μννῆ
737 1119 874 1205 τελευτᾷ
888 1115 927 1204 ἣν
944 1112 1011 1199 εἶχε
1026 1113 1202 1203 πρότερον.

125 1218 240 1308 ἐπειδὴ
260 1205 316 1287 οὗν
332 1217 437 1308 ἐκείνη
452 1219 494 1286 τά
506 1219 705 1304 νομιζόμενα
724 1218 882 1309 ἐποίησεν
900 1214 917 1285 ό
932 1217 1114 1304 Μενεκλῆς,
1130 1210 1205 1302 ᾔτει

124 1321 183 1410 τῆν
207 1315 353 1410 άδελφῆν
375 1317 473 1409 ῆμάς,
496 1316 757 1408 ὑπομιμνῄσκων
779 1320 838 1408 τῆν
860 1345 897 1386 τε
920 1321 1038 1409 φιλίαν
1060 1315 1121 1405 τῆν
1143 1320 1204 1384 τοῦ

124 1422 254 1512 πατρὸς
279 1426 336 1489 καὶ
362 1421 490 1504 ἑαυτοῦ,
516 1426 573 1489 καὶ
595 1418 640 1502 τός
664 1422 751 1511 πρός
775 1418 864 1509 ἡμᾶς
880 1415 999 1498 αὖτοὺς
1017 1406 1057 1508 ῆν
1076 1419 1204 1486 διακεί-

90 1535 109 1590 6
126 1544 239 1610 μενος
263 1527 319 1591 καὶ
333 1521 429 1613 ἡμεῖς
444 1523 570 1604 εἰδότες
591 1517 646 1592 ότι
661 1527 716 1591 καὶ
731 1520 748 1591 ό
765 1522 878 1611 πατὴρ
895 1516 1004 1589 οὐδενί
1020 1511 1060 1588 όν
1083 1520 1205 1588 ἔδωκεν

124 1620 219 1714 ἥδιον
233 1616 254 1714 ῆ
271 1625 394 1713 ἐκείνῳ,
411 1627 546 1710 δίδομεν
563 1619 662 1712 αὐτῷ,
679 1619 737 1692 οὐκ
753 1621 926 1712 άπροικον,
943 1619 988 1701 ὥς
1004 1616 1100 1700 οὗτος
1117 1625 1204 1711 λέγει

125 1727 294 1808 ἑκάστοτε,
326 1722 410 1794 άλλά
439 1726 498 1814 τῆν
521 1728 595 1816 ἰ’σην
618 1741 742 1816 προῖκα
765 1725 936 1803 ἐπιδόντες
957 1718 1063 1812 ῆνπερ
1085 1728 1143 1793 καί
1164 1728 1205 1811 τῆ

125 1835 335 1919 πρεσβυτέρᾳ
358 1823 487 1916 άδελφῆ
510 1826 688 1913 ἕπέδομεν·
712 1831 769 1895 καὶ
792 1827 826 1894 ἐκ
848 1831 907 1894 τοῦ
928 1826 1057 1912 τρόπου
1072 1825 1204 1908 τούτου,

125 1932 288 2021 πρότερον
311 1926 404 2009 ὄντες
426 1923 528 1997 αὐτοῦ
550 1932 654 2019 φίλοι,
677 1934 878 2017 κατέστημεν
901 1926 1028 1995 οἰκεῖοι.
1066 1930 1136 2019 Καὶ
1160 1923 1206 2005 ὥς

126 2033 241 2120 ἐ’λαβεν
270 2033 376 2101 ε’ίκοσι
404 2035 489 2117 μνᾶς
518 2027 536 2098 ό
561 2034 734 2120 Μενεκλῆς
762 2031 819 2098 ἐπὶ
847 2035 888 2120 τῇ
915 2025 1044 2119 ἀδελφῇ
1067 2044 1203 2119 προῖκα,

124 2140 184 2224 τῆν
205 2141 390 2223 μαρτυρίαν
412 2133 534 2222 ταύτην
556 2137 692 2222 πρῶτον
713 2133 879 2219 βούλομαι
901 2136 1154 2220 παρασχέσθαι.

524 2237 526 2240 ’
558 2256 774 2308 ΜΑΡΤΥΡΙΑ.

89 2353 109 2407 6
208 2329 372 2414 Ἐκδόντες
396 2343 506 2404 τοίνυν
527 2335 588 2416 τὰς
617 2331 782 2426 άδελφάς,
812 2322 838 2402 ὦ
870 2332 1002 2424 ἄνδρες,
1031 2337 1087 2402 καί
1109 2330 1204 2414 όντες

127 2431 221 2505 οὗτοὶ
251 2437 284 2505 ἒν
312 2435 426 2527 ῆλικίηι
453 2436 511 2506 ἐπὶ
541 2437 578 2506 τό
610 2437 857 2528 στρατεύεσθαι
879 2436 1100 2525 ἐτραπόμεθα
1108 2489 1117 2518 ,
1148 2440 1204 2506 καὶ

127 2532 387 2629 ἀπεδημήσαμεν
410 2539 494 2625 μετὰ
513 2534 719 2628 Ἰφικράτους
742 2540 790 2617 είς
815 2541 964 2629 Θρᾴκην·
996 2538 1063 2607 ἐκεῖ
1085 2539 1121 2605 δὲ
1145 2538 1203 2606 δό-

126 2642 239 2721 ξαντές
260 2668 319 2709 του
343 2638 430 2710 εἶναι
452 2639 542 2736 άξιοι
560 2641 865 2731 περιποιησάμενοί
879 2668 913 2708 τι
933 2639 1204 2726 κατεπλεύσαμεν

127 2744 232 2830 δεῦρο,
255 2746 312 2809 καί
332 2742 630 2828 καταλαμβάνομεν
657 2747 698 2832 τῇ
726 2748 936 2832 πρεσβυτέρᾳ
965 2737 1095 2831 άδελφῆ
1122 2738 1203 2810 όντα

128 2844 185 2911 δύο
209 2845 342 2926 παιδία,
365 2843 425 2932 τῆν
448 2844 484 2909 δὲ
507 2850 677 2933 νεωτέραν,
701 2844 741 2933 ἣν
765 2842 830 2928 εἶχε
852 2847 1034 2933 Μενεκλῆς,
1059 2839 1202 2911 όπαιδα.

91 2961 108 3014 7
127 2948 184 3014 καὶ
206 2944 328 3024 ἐκεῖνος
351 2945 493 3034 δευτέρῳ
514 2950 593 3035 μηνὶ
615 2937 637 3034 ῆ
659 2954 777 3035 τρίτην,
806 2946 917 3014 πολλὰ
941 2946 1122 3024 ἐπαινέσας
1143 2945 1204 3034 τῆν

128 3042 285 3138 άδελφῆν,
310 3047 426 3134 λόγους
449 3046 597 3116 ἐποιεῖτο
620 3047 708 3136 πρός
729 3045 826 3136 ἡμᾶς,
849 3053 905 3116 καί
920 3048 984 3139 ἔφη
1000 3047 1059 3136 τῆν
1077 3072 1114 3114 τε
1129 3043 1203 3136 ῆλι-

127 3156 201 3217 κίαν
229 3145 430 3238 δφορᾶσθαι
456 3149 516 3239 τῆν
546 3149 665 3218 ἑαυτοῦ
692 3154 748 3218 καί
776 3149 836 3239 τῆν
870 3143 1050 3218 άπαιδίαν·
1085 3144 1203 3217 οόκονν

195 3406 210 3456 3
228 3403 353 3457 οῖκείωΑ
371 3433 404 3443 -
420 3407 548 3477 τέσσαρες
565 3403 585 3465 0
603 3433 638 3445 -
655 3409 671 3459 4
689 3403 843 3476 θυγατέρ..
856 3407 877 3458 Α
890 3422 938 3474 ρο,
950 3422 1013 3460 corr.
1029 3412 1039 3460 l
1059 3433 1094 3444 -
1111 3409 1127 3459 6
1146 3406 1203 3459 ίιτι-

14 3562 18 3566 ἡ
126 3483 255 3542 δ...’ντιτ
272 3490 294 3539 Α
311 3504 358 3556 σα,
376 3504 439 3542 corr.
461 3492 481 3543 l.
550 3487 576 3543 4.
595 3491 610 3541 2
629 3493 684 3542 έτει
701 3485 719 3555 ἢ
736 3492 854 3558 πέμπτῳ
872 3491 901 3558 Q,
919 3495 1006 3545 ίτα..
1025 3491 1048 3542 Α
1065 3519 1100 3530 -
1117 3494 1133 3544 6
1152 3487 1203 3552 τὴν

127 3577 187 3624 ante
204 3571 252 3624 τοῦ
274 3572 358 3627 οω.Α
376 3603 410 3612 -
428 3578 442 3626 7
461 3567 528 3642 ὑμᾶς
545 3574 567 3626 Α
584 3590 631 3641 pr„
650 3590 714 3628 οοπ.
734 3579 746 3628 1
766 3605 799 3612 -
817 3571 915 3628 αδτοδε
933 3576 1050 3644 Sauppe:
1069 3570 1157 3628 αὐτὸς.

125 3655 153 3710 6.
175 3661 185 3709 l
205 3650 249 3708 ὅτι
266 3661 312 3708 καὶ
328 3653 447 3730 όπατὴρ
460 3657 543 3719 σηκλ)
562 3687 595 3698 -
613 3652 692 3725 ἥδιον
705 3655 841 3719 ίδωκενθ
859 3689 893 3699 -
911 3663 926 3714 3
944 3654 1152 3716 ίπι..δόντεεΑ
1169 3687 1203 3698 -

127 3743 142 3792 6
162 3735 198 3793 05⁶
216 3756 265 3794 om.
283 3744 306 3793 Α
324 3759 369 3811 pr„
387 3745 414 3796 in
431 3759 457 3796 v.
474 3742 531 3796 add.
552 3746 574 3797 1.
662 3747 677 3796 6
695 3741 710 3795 ὁ
733 3742 869 3810 Μενεκλῆς
887 3761 937 3799 om.
956 3745 976 3807 0
1000 3775 1033 3784 -
1056 3749 1070 3798 ’ί
1091 3744 1203 3814 πρῶτον

127 3840 177 3878 om.
196 3823 216 3884 Q
234 3856 268 3865 -
286 3830 301 3880 8
321 3827 360 3881 tit.
379 3844 428 3882 om.
442 3827 471 3889 Ο.
539 3827 567 3882 6.
584 3830 599 3880 3
619 3821 861 3897 έπεδημήσαμινΑ
878 3845 924 3898 pr„
942 3846 1006 3884 οοιι.
1023 3834 1034 3883 1
1054 3859 1089 3871 -
1107 3823 1203 3892 δόξαν·

126 3925 169 3963 τιε
187 3910 246 3964 τοῦς
268 3927 316 3965 em.
329 3912 414 3966 Bremi
432 3941 465 3951 -
482 3915 499 3965 4
517 3930 545 3965 τι
557 3927 606 3966 om.
619 3912 641 3963 Α
654 3929 700 3980 pr„
719 3928 739 3967 s.
752 3930 776 3967 v.
790 3915 846 3969 add.
864 3920 872 3968 l
894 3945 927 3954 —
946 3919 961 3968 6
980 3914 1044 3981 οἴχει
1063 3914 1134 3981 εἶχεν
1145 3910 1162 3966 ό
1173 3914 1202 3977 Q.

193 3995 217 4048 7.
239 4000 251 4048 1
270 4001 336 4061 μηνὶ
354 3993 470 4067 δευτέρη)
489 3995 510 4056 Q
528 4024 562 4036 ···
580 3999 595 4049 2
612 3998 718 4065 ίφηνθ
