2626 4476
98 277 120 315 p.
135 266 167 317 51.
295 273 305 282 ·
407 247 483 302 ΠΕΡΙ
501 248 565 302 ΤΟΥ
578 248 719 302 ΚΙΡΩΝΟΣ
737 249 875 303 ΚΔΗΡΟΥ.
1136 245 1178 307 99

98 420 180 503 περὶ
209 410 309 506 αἰτῆς
339 417 544 504 ἐγίγνωσκον.
595 412 651 484 ὅτε
672 417 734 505 γὰρ
764 414 916 505 δπατῆρ
946 411 1048 504 αύτῆν
1076 416 1179 503 ἐλάμ-

97 524 196 601 βανε,
220 519 355 604 ,γάμους
382 521 530 586 εἱστίασε
558 523 614 587 καὶ
644 518 779 586 ἐκάλεσε
809 532 899 605 τρεῖς
927 516 1029 586 αὑτοῦ
1058 522 1178 610 φίλους

97 618 183 703 μετὰ
205 624 272 687 τῶν
296 619 398 688 αὑτοῦ
419 621 666 709 προσηκόντων,
689 635 761 699 τοῖς
774 646 811 687 τε
827 621 991 709 φράτερσι
1012 624 1177 710 γαμηλίαν

98 721 265 810 εἰσήνεγκε
285 721 370 789 κατὰ
397 723 476 800 τούς
505 722 637 791 ἐκείνων
666 723 797 808 νόμους.
842 724 881 789 αἰ
906 749 943 790 τε
967 739 1117 811 γυναῖκες
1139 726 1176 792 αἱ
1192 733 1228 788 19

97 828 165 891 τῶν
188 826 341 913 δημοτῶν
362 823 447 909 μετὰ
463 829 568 892 ταῦτα
583 825 786 913 πρυύκριναν
802 819 904 913 αύτῆν
924 824 1009 910 μετὰ
1024 831 1082 913 τῆς
1093 833 1177 894 Διο-

97 929 213 1006 κλέους
234 928 388 1014 γυναικὸς
409 932 469 994 τού
490 933 632 1006 Πιθέως
655 924 767 1014 ἀρχειν
784 927 837 1006 ἐἰς
865 926 930 1014 [τά]
956 930 1177 1017 Θεσμοφόρια

97 1032 153 1095 καὶ
174 1043 289 1097 ποιεῖν
310 1029 352 1096 τὰ
376 1029 575 1114 νομιζόμενα
590 1023 665 1113 μετ’
685 1028 820 1118 ἐκείνης.
858 1022 928 1096 ὅτε
945 1028 1057 1119 πατὴρ
1072 1026 1175 1118 ἡμῶν,

98 1131 215 1218 ἐπειδη
250 1131 450 1218 ἐγενόμεθα,
485 1131 533 1210 εἰς
565 1130 643 1208 τούς
676 1131 844 1220 φράτερας
873 1128 961 1220 ἡμᾶς
994 1132 1174 1219 εἰσήγαγεν,

96 1227 227 1319 όμόσας
247 1234 331 1301 κατὰ
353 1233 432 1312 τοὺς
453 1234 575 1318 νόμους
596 1233 674 1312 τούς
694 1240 864 1318 κειμένους
885 1223 905 1323 ἦ
928 1233 993 1322 μὴν
1016 1234 1052 1314 ἐξ
1073 1230 1176 1323 ἀστῆς

96 1340 154 1402 καὶ
176 1335 331 1423 ἐγγυητῆς
352 1334 506 1422 γυναικός
522 1335 682 1422 εἰσάγειν·
704 1340 772 1403 τῶν
795 1337 830 1402 δὲ
850 1338 856 1419 Ι
875 1342 1050 1425 φρατέρων
1066 1331 1175 1416 οάδεὶς

97 1432 255 1506 ἀντεῖπεν
284 1432 356 1507 οἰδ
381 1432 619 1528 ῆμφεοβῆτησε
646 1437 691 1524 μὴ
723 1432 781 1505 οὐκ
809 1433 923 1527 ἀληθῆ
950 1443 1055 1505 ταῦτα
1078 1436 1173 1522 εἶναι,

96 1542 233 1607 πολλῶν
247 1536 353 1608 όντων
374 1544 430 1608 καὶ
446 1535 590 1629 ἀκριβῶς
604 1540 646 1606 τὰ
661 1545 801 1607 τοιαῦτα
817 1545 1062 1624 σκοπουμένων.
1099 1549 1173 1609 καί·
1187 1554 1225 1610 2⁰

96 1668 152 1709 τοι
174 1641 219 1730 μῆ
242 1637 354 1710 οἴεσθ’
381 1639 431 1725 ἀν,
455 1643 485 1710 εἰ
507 1642 644 1732 τοιαύτη
667 1668 719 1721 τις
740 1630 821 1731 ῆνῆ
849 1642 956 1732 μήτηρ
982 1640 1076 1732 ῆμῶν
1099 1645 1174 1711 οἵαν

97 1739 193 1812 ούτοί
214 1769 309 1833 φασι,
331 1741 410 1834 μήτ’
430 1737 470 1812 ἀν
492 1744 550 1812 τὸν
573 1750 704 1831 πατέρα
725 1742 819 1832 ἡμῶν
840 1745 967 1831 γάμους
989 1745 1103 1812 ἑστιᾶν
1117 1749 1174 1813 καὶ

93 1849 262 1936 γαμηλίαν
284 1846 485 1934 εἰσενεγκεῖν,
516 1842 601 1915 ἀλλὰ
625 1842 897 1934 ἀποκρύψασθαι
923 1852 1029 1915 ταῦτα
1050 1848 1172 1930 πάντα,

94 1948 178 2038 μήτε
199 1948 261 2028 τὰς
281 1955 347 2016 τῶν
371 1947 481 2016 ἄλλων
504 1951 658 2039 δημοτῶν
680 1964 834 2037 γυναῖκας
850 1951 1028 2036 αἱρεῖσθαι
1049 1941 1090 2016 ἀν
1113 1944 1173 2016 αύ-

93 2050 154 2140 τῆν
177 2065 423 2139 σονιεροποιεῖν
444 2055 485 2139 τῆ
500 2055 681 2131 Διοκλέους
702 2055 830 2138 γυναικὶ
852 2054 908 2118 καὶ
929 2058 1045 2139 κυρίαν
1061 2065 1173 2118 ποιεῖν

96 2156 203 2240 ἱερῶν,
227 2148 303 2221 ἀλλ’
329 2153 426 2243 ἑτέρᾳ
449 2151 489 2222 άν
511 2181 579 2222 τινι
607 2158 685 2242 περὶ
709 2154 837 2221 τούτων
859 2153 1061 2242 ἐπιτρέπειν,
1089 2153 1174 2242 μήτε

94 2255 172 2336 τούς
201 2256 371 2346 φράτερας
403 2256 617 2339 εἰσδέχεσθαι
644 2253 747 2343 ἡμᾶς,
782 2250 867 2322 ἀλλὰ
895 2271 1087 2345 κατηγορεῖν
1116 2259 1173 2323 καὶ

95 2359 282 2446 ἐξελέγχειν,
307 2358 337 2425 εἰ
359 2357 404 2446 μῆ
428 2358 602 2426 πάντοθεν
617 2345 657 2446 ῆν
679 2356 943 2445 ὁμολογούμενον
964 2358 1025 2446 τῆν
1045 2364 1174 2448 μητέρα

93 2458 188 2549 ῆμῶν
211 2458 299 2529 εἶναι
320 2465 491 2548 θυγατέρα
513 2467 650 2550 γνησίαν
668 2467 830 2548 Κίρωνος.
875 2464 931 2527 νῦν
954 2461 990 2527 δὲ
1011 2465 1053 2548 τῇ
1074 2487 1172 2549 περι-

94 2569 219 2654 φανείη
240 2566 300 2630 τοῦ
321 2563 519 2650 πράγματος
540 2565 595 2630 καὶ
618 2566 666 2649 τῴ
689 2562 875 2629 συνειδέναι
894 2566 1000 2628 ταῦτα
1025 2562 1172 2640 πολλούς

94 2659 288 2751 ούδαμόθεν
310 2658 557 2754 ἠμφεσβητήθη
580 2668 733 2732 τοιοῦτον
756 2658 860 2730 ούδέν.
905 2667 974 2730 Καὶ
995 2658 1098 2730 ταῦθ’
1125 2660 1172 2741 ῶς

94 2761 208 2855 ἀληθῆ
232 2769 325 2852 λέγω,
348 2765 443 2833 κάλει
464 2766 590 2832 τούτων
612 2764 690 2843 τούς
711 2764 891 2853 μάρτυρας.

519 2888 742 2940 ΜΑΡΤΥΡΕΣ.

170 2965 241 3037 Ἔτι
262 2976 383 3051 τοίνυν,
407 2956 434 3033 ῶ
458 2965 589 3058 ἀνδρες,
615 2972 671 3035 καὶ
694 2968 730 3047 ἐξ
750 2962 796 3036 ῶν
819 2965 837 3035 δ
860 2971 1006 3056 Διοκλῆς
1028 2969 1169 3058 ἔπραξεν
1186 2978 1222 3035 21

92 3067 149 3141 ότε
169 3069 264 3161 ἡμῶν
287 3067 304 3138 δ
329 3070 476 3150 πάππος
498 3070 697 3160 ἐτελεύτησε,
720 3074 843 3157 γνῶναι
865 3071 982 3160 ῥᾴδιον
1004 3064 1057 3139 ἵτι
1080 3068 1171 3157 ῶμο-

93 3174 285 3262 λογούμεθα
308 3169 395 3240 είναι
415 3173 617 3261 θυγατριδοῖ
637 3178 799 3260 Κέρωνος.
842 3166 922 3259 ῆκον
944 3173 1005 3262 γάρ
1030 3173 1091 3260 ἐγω
1114 3199 1171 3240 κο-

91 3275 271 3361 μιούμενος
300 3267 401 3359 αύτδν
429 3271 475 3354 ῶς
504 3274 633 3360 θάψων
657 3273 691 3342 ἐκ
718 3277 777 3362 τῆς
799 3273 907 3354 οἰκίας
927 3279 987 3363 τῆς
1015 3274 1168 3359 ἐμαυτοῦ,

92 3383 158 3447 τῶν
180 3377 324 3462 ἐμαυτοῦ
347 3375 478 3443 οἰκείων
492 3375 568 3444 τινὰ
591 3376 683 3459 έχων,
707 3368 851 3461 ἀνεψιόν
864 3381 924 3443 τού
946 3377 1089 3464 πατρός·
1111 3380 1168 3444 καλ

91 3482 238 3549 Διοκλέα
258 3480 319 3564 μὲν
335 3472 373 3545 ού
395 3480 578 3564 κατέλαβον
600 3478 704 3559 ἐνδον,
729 3478 904 3546 εἰσελθών
917 3479 952 3549 δὲ
968 3478 1049 3545 εἰσω
1070 3485 1170 3563 κομί-

92 3581 158 3663 ζειν
180 3581 252 3660 οίος
280 3565 330 3669 ῆν,
361 3578 443 3662 ἐχων
470 3579 547 3659 τούς
570 3580 734 3657 οἰσοντας.
787 3580 943 3670 δεομένης
971 3580 1007 3647 δέ
1028 3584 1087 3667 τῆς
1107 3583 1167 3647 τού
1180 3590 1219 3646 11

175 3750 219 3804 19.
238 3753 253 3803 3
272 3752 385 3802 πίτεωτι
404 3763 452 3801 em.
471 3747 575 3816 Sauppe
598 3777 633 3789 -
651 3744 684 3800 τί
704 3763 725 3800 ε.
742 3764 769 3802 v.
790 3752 818 3800 1:
841 3748 890 3803 del.
909 3748 941 3802 de
963 3765 1021 3803 meo
1039 3779 1070 3790 -
1089 3755 1106 3803 4
1123 3746 1168 3802 νυ-

90 3831 160 3903 μιζίΙ
180 3850 227 3902 pr.,
244 3851 316 3901 μονα
332 3833 360 3885 in
377 3847 429 3900 mg.
443 3835 465 3886 1.
533 3832 580 3887 2⁰.
597 3825 834 3902 4άπεκρύψασθι
851 3850 897 3902 ρο,
916 3850 979 3887 corr.
997 3837 1013 3886 1
1032 3864 1064 3874 -
1082 3838 1098 3887 6
1115 3832 1168 3887 σὺν

91 3916 238 3988 ἱεροποιῶν
248 3935 295 3986 pr„
307 3921 396 3971 ιοτε.1
415 3944 451 3956 -
469 3920 483 3969 1
500 3911 536 3970 ἀν
554 3921 614 3986 post
624 3912 799 3981 εἰσδέχεσθαι
817 3918 870 3970 v.8
889 3918 1115 3986 1τεοερ.Ηινι.-
1134 3921 1166 3971 12

88 3999 170 4061 ,ταῦτ’
184 4019 231 4070 pr„
249 4017 315 4058 corr.
332 4006 357 4060 1.
426 3998 472 4058 21.
487 4006 503 4057 5
521 4001 620 4055 οἰκεῖον
636 4016 685 4070 pr„
702 4015 767 4056 corr.
787 4005 809 4055 1.
826 4029 861 4041 -
878 4005 894 4054 6
912 4001 978 4054 εἴσω
995 4004 1022 4055 in
1033 4019 1059 4057 v.
1070 4003 1166 4056 addri.

217 4082 220 4093 .
942 4091 955 4139 Ἰ
963 4087 979 4121 ,Ι
