2626 4476
56 253 142 310 ..ια
353 237 800 292 αεειεοιιευιοιειυεοτ.
1075 235 1134 295 125

56 406 153 496 νίδην
181 407 241 491 μὲν
270 405 329 474 τόν
357 407 484 474 τούτων
513 413 645 495 πατέρα
674 406 852 498 ἐκποίητον
879 406 1056 493 γενόμενον
1081 410 1136 473 καὶ

57 501 117 575 οὐκ
139 507 374 576 ἐπανελθόντα
401 507 450 586 εἰς
477 508 536 576 τὸν
558 513 717 597 πατρῷον
740 506 840 591 οίκον,
867 506 925 575 τὸν
948 508 985 575 δὲ
1007 513 1137 596 πατέρα

56 608 118 678 τόν
139 611 335 699 Κυρωνίδου
364 612 419 678 καὶ
448 615 506 700 τῆς
534 609 614 699 ἐμῆς
642 609 768 701 μητρός
788 610 983 700 Δημοχάρει
1003 614 1053 697 τῷ
1075 611 1138 698 υἰηί

57 715 176 780 τοῦτον
204 711 263 780 τὸν
292 714 412 801 κλῆρον
439 713 684 795 καταλιπόντα,
716 712 840 781 ἐκεῖνον
866 713 902 780 δὲ
924 713 1034 780 παῖδα
1056 707 1138 780 όντα

58 813 304 902 τελευτήσαντα
325 816 380 880 καί
405 813 453 891 εἰς
474 814 533 903 τὴν
556 813 637 904 ἐμὴν
659 820 786 905 μητέρα
800 818 917 882 τοῦτον
938 814 997 881 τόν
1018 815 1138 901 κλῆρον

21 926 27 941 ⁴
59 914 322 1003 ἐπιγιγνόμενον.

576 1203 624 1270 XI.

207 1339 212 1425 Ι
231 1339 365 1423 ΠΕΡΙ
387 1338 496 1420 ΤΟΥ
518 1336 732 1419 AFNIOY
753 1337 1001 1420 KAHPOY.

480 1613 715 1667 ΥΠΟθΕΣΙΣ.

164 1706 269 1784 Ἁγνίας
285 1729 326 1765 τις
342 1707 445 1778 εἶχεν
429 1713 558 1782 ανεηνιους
570 1709 692 1777 πολλοὺς,
712 1706 879 1778 Θεόπομπον
890 1713 935 1762 καί
952 1706 1003 1763 τὸν
1020 1704 1140 1780 ἀδελφὸν

95 1815 182 1850 αυτου
200 1795 374 1866 Στρατοκίιία
392 1817 437 1849 και
430 1800 590 1870 Στρατίον
607 1803 653 1850 καὶ
670 1792 849 1865 Εὐβουλίδην.
880 1811 957 1848 ουτος
972 1791 1081 1863 μέλλων
1098 1813 1139 1846 τε·

96 1878 196 1935 λευτᾶν
212 1880 362 1948 ἰποιίσατο
380 1879 501 1949 θετὴν’
486 1882 576 1950 εαυτῷ
596 1882 749 1954 θυγατέρα,
773 1874 898 1933 κελεόσας
916 1880 946 1932 ἐν
963 1883 1023 1932 ταῖς
1040 1874 1140 1950 διαθή-

95 1980 166 2032 καις,
189 1965 217 2017 εἴ
234 1984 262 2020 τι
279 1962 408 2020 πίθοι’
393 1987 409 2033 η
428 1965 566 2040 θυγάτηρ,
590 1963 768 2037 ἔργεσθαι
738 1985 789 2019 τον
806 1962 948 2035 κλῆρον’
924 1980 961 2015 εις
978 1958 1139 2028 Γλαύκωνα,

96 2045 217 2121 ἀδελφὸν
235 2047 319 2104 αὐτοῦ
335 2048 506 2124 τυγχάνοντα
523 2049 699 2121 ὁμομήτριον.
733 2055 780 2104 ίπί
798 2048 906 2104 τούτοις
917 2045 1001 2101 αὐτοῦ
1018 2043 1139 2114 τελευτή·
1158 2054 1173 2103 5

97 2151 196 2188 σαντες
213 2129 230 2201 ἡ
246 2133 372 2207 θυγάτηρ
395 2137 518 2206 λαβοῦσα
542 2134 592 2190 τὸν
609 2134 708 2210 κλῆρον
726 2133 905 2201 ἐτελεύτησεν.
946 2128 1141 2187 ἀποθανόντος

96 2215 128 2272 δὲ
149 2223 195 2271 καί
213 2215 383 2289 Εὐβουλίδου
406 2217 423 2288 ἡ
446 2219 571 2294 θυγάτηρ
590 2217 687 2287 αὐτοῦ,
705 2223 754 2274 τοῦ
772 2215 954 2290 Εὐβουλίδου,
974 2214 1140 2288 δικασαμένη

96 2303 164 2375 πρὸς
182 2301 337 2358 Γλαόκαινα
354 2302 437 2375 ἔλαβε
454 2303 505 2373 τὴν
522 2301 628 2360 οὐσίαν.
663 2303 733 2374 μετὰ
749 2307 838 2358 ταῦτα
854 2301 1078 2370 τελευτησάντων
1095 2306 1141 2355 καί

96 2391 156 2444 τῶν
173 2393 237 2459 περὶ
254 2389 304 2444 τὸν
316 2388 491 2462 Στρατοκλέα
508 2396 553 2444 καί
566 2395 705 2463 Στρατίου
718 2385 877 2458 Θεόπομπος
894 2385 978 2459 μόνος
995 2383 1140 2441 ἐδικάσατο

97 2473 166 2547 πρὸς
185 2471 281 2542 αἰπήν,
298 2479 343 2526 καὶ
360 2473 442 2543 ίλαβε
454 2473 504 2529 τὸν
515 2473 622 2547 κλῆρον.
652 2473 720 2546 πρὸς
736 2474 835 2526 τοῦτον
852 2468 867 2524 ὁ
884 2470 940 2526 υἱὸς
956 2474 1005 2525 τοῦ
1023 2467 1141 2543 ἀδελφοῦ
1161 2477 1191 2528 10

98 2555 191 2627 αἰτοῦ,
209 2559 417 2631 Στρατοκλέους,
436 2557 576 2626 δικάζεται
588 2558 665 2631 [πρὸς
677 2555 763 2613 αὐτὸν
774 2555 804 2611 δί
815 2554 966 2628 ἐπιτρόπου
978 2554 1052 2610 τινὸς
1066 2555 1139 2620 υἱὸς],

98 2645 213 2716 φάσκων
231 2645 262 2708 ἐξ
278 2645 338 2698 ἴσον
356 2644 390 2698 τὰ
406 2645 454 2712 τῆς
470 2643 649 2717 κληρονομίας
666 2640 795 2716 ἁρμόζειν
811 2643 853 2711 τῷ
871 2661 901 2694 τε
920 2640 1076 2710 Θεοπόμπῳ
1094 2643 1140 2694 καί

97 2731 139 2800 τῷ
157 2725 237 2785 παιδί
255 2731 304 2783 τοῦ
323 2726 441 2803 ἀδελφοῦ
460 2725 553 2784 αὐτοί.
587 2725 623 2784 Ἡ
637 2727 730 2783 στάσις
747 2726 930 2800 πραγματική.

532 2835 667 2888 ΝΟΜΟΙ.

149 2931 219 3000 Διὰ
242 2928 387 3000 ταῦθΗ
372 2948 449 3020 υμῖν
472 2927 615 3035 ἀνέγνων
637 2932 715 3012 τοὺς
738 2931 873 3050 νόμους,
900 2923 955 2998 ότι
975 2927 1059 2996 κατὰ
1082 2929 1141 2997 τόν

64 3059 200 3122 πρωτον
217 3028 324 3102 αὐτῶν
347 3036 546 3125 ἰσχυρίζεται
560 3062 607 3122 τῳ
594 3035 725 3103 παιδὶ
739 3059 797 3101 του
784 3029 1015 3202 ἡμικληρίου
1032 3055 1142 3120 προσ-

66 3237 141 3328 φός,
165 3265 182 3306 ο
171 3234 302 3305 Ἡδὲ
266 3264 367 3323 νομος
382 3242 461 3327 περὶ
478 3190 626 3327 ἀδελφοῦ
638 3237 816 3328 χρημάτων
830 3262 966 3324 πρωτον
982 3229 1143 3326 ἀδελφοῖς

133 3391 209 3450 264
226 3392 292 3446 υἱῶ.
310 3423 344 3433 -
362 3398 377 3447 5
390 3389 477 3446 παῖδα
486 3393 631 3447 Meutzner:
648 3388 754 3447 ἄπαιδα
765 3421 800 3431 -
812 3397 826 3446 ’ί
840 3387 1003 3463 γιγνόμενον
1015 3390 1141 3457 Hirschig.

134 3477 168 3532 xl
186 3478 225 3532 tit.
261 3479 299 3531 Gs.
311 3479 431 3546 Harpocr.
443 3495 469 3532 v.
487 3475 656 3551 εἰσαγγελία·
671 3473 767 3530 Ἰσαῖος
777 3480 872 3545 με’ντοι
890 3474 1018 3547 περὶτοῦ
1035 3467 1143 3545 Ἁγνίου

66 3564 108 3629 (ex
126 3578 176 3617 em.
194 3563 305 3630 valesii,
328 3556 411 3615 αἰετοῦ
435 3563 503 3627 libri)
527 3560 626 3634 κλήρου
644 3561 676 3615 τὸ
695 3556 761 3615 αὐτὸ
779 3562 891 3634 πρᾶγμα
909 3556 1079 3631 εἰσαγγελίαν
1097 3564 1143 3612 καί

65 3645 177 3720 γραφὴν
195 3643 347 3716 ὠνόμασεν,
383 3647 422 3700 cf.
438 3648 471 3700 ad
489 3649 558 3713 521.
627 3648 690 3715 hyp.
710 3650 721 3700 1
742 3647 820 3701 immo
843 3640 1009 3715 ἀνεψιαδοῦς
1025 3643 1143 3700 Schoem.

66 3760 100 3772 -
118 3734 134 3786 2
153 3737 288 3806 στρατίαν
310 3762 344 3772 -
368 3731 511 3786 3ἑαυτοῦε
532 3746 580 3785 εει.
598 3731 665 3799 AltL,
683 3732 728 3800 qui
746 3725 821 3798 αὐτῷ
848 3759 881 3770 -
907 3724 1078 3784 κελεόσαντ..
1098 3747 1144 3799 ηε,

66 3831 130 3869 corr.
146 3820 157 3870 1
187 3846 221 3855 -
250 3821 280 3871 10
299 3813 367 3888 πρὸς
384 3812 469 3870 αὐτὸν
482 3823 509 3870 et
520 3814 574 3869 υίὸς
592 3816 641 3870 del.
655 3815 782 3879 Schoem„
800 3811 831 3866 δὲ
841 3813 991 3885 ἐπιτρόπου
1002 3812 1076 3868 τινὸς
1093 3815 1144 3870 del.

66 3900 99 3953 de
111 3916 181 3964 mem
202 3897 242 3953 δι’
257 3903 344 3971 ίιιιτρ.
359 3900 485 3967 Schoem.,
500 3916 565 3970 quae
575 3900 652 3954 verba
665 3897 751 3954 εείεὸ
768 3897 824 3952 υἱὸς
836 3917 860 3952 v.
873 3902 903 3952 10
922 3904 1018 3968 transp.
1031 3899 1143 3968 Sauppe.

100 3987 126 4040 1.
146 3989 158 4038 ¹
179 3988 303 4040 NOM01
317 3985 373 4040 add.
392 3985 464 4039 Turr.
482 3985 544 4039 Rsk.
562 4000 614 4039 sec.
