2626 4476
125 126 165 190 68
373 164 376 169 -
606 130 715 185 ΙΣᾸΙΟΥ
1139 144 1206 190 θαε

125 294 319 367 ἀνεπίδικον
342 298 425 377 ἕξειν
449 291 563 380 αύτός,
586 302 723 387 καὶτῆς
745 293 893 388 ἀδελφῆς
918 303 977 388 τῆς
999 297 1129 365 ἐκείνου
1152 297 1207 365 κύ·

89 411 199 489 ὅριος
219 400 432 490 γενήσεσθαι,
453 403 510 467 καὶ
531 399 591 490 τήν
612 400 777 491 διαθήκην
792 396 912 488 ἀκυρον
927 399 1096 490 ποιήσειν.
1120 403 1206 468 πολ-

126 503 192 570 λῶν
215 502 327 569 δὲκαὶ
350 503 467 570 δεινῶν
489 496 638 569 ἀντωνά
668 502 972 591 διαμεμαρτύρηκεν
995 496 1204 590 Ἀνδροκλῆς,

125 599 217 672 τοῦτ’
237 598 316 671 αύτὸ
339 608 475 693 πρῶτον
498 600 688 683 ἐπιδείξω(
670 618 758 689 υμῖν,
781 599 827 683 ὦς
849 605 984 672 διέθετο
1007 606 1065 671 καὶ
1087 603 1206 692 ἐποιή-

126 730 209 773 σατο
232 705 305 773 υἱδν
326 708 457 773 τουτονί
479 710 743 793 Χαιρέστρατον
795 703 971 792 ἐπειδὴ
933 730 996 794 γαρ
1024 709 1076 792 τῷ
1100 708 1205 772 Φιλο-

124 808 263 896 κτήμονι
290 805 325 873 ἐκ
351 807 412 891 μὲν
440 810 499 894 τῆς
529 806 683 892 γυναικὸς
710 802 732 895 ᾗ
755 807 894 894 συνῴκει
916 800 974 874 ούκ
1001 794 1041 894 ἦν
1064 808 1206 874 παιδίον

127 903 231 991 οὐδέν,
254 911 403 992 πολέμου
427 901 498 973 5''‘
478 933 574 985 οντος
596 908 778 976 ἐκινδύνευε
798 913 855 976 καί
878 908 1003 988 ἱππεύς
1024 909 1204 996 στρατευό-

126 1036 226 1096 μενος
247 1012 302 1077 καὶ
324 1008 521 1097 τριήραρχος
536 1010 700 1090 πολλάκις
715 1010 873 1092 ἐκπλέων,
895 1003 1061 1088 ἐδοξεν
1021 1035 1114 1097 αυτῳ
1101 1010 1204 1078 δια-

126 1117 260 1178 θέσθαι
282 1109 323 1176 τὰ
347 1106 463 1192 αὑτοῦ,
489 1109 536 1230 μή
568 1111 690 1199 ἐρημον
711 1115 880 1201 καταλίπῃ
906 1110 966 1180 τὸν
988 1108 1091 1192 οίκον,
1120 1111 1156 1179 εἰ’
1173 1138 1204 1179 τι

92 1212 253 1282 σπάθαι.
302 1209 349 1277 τα)
377 1211 468 1299 μὲν
466 1198 523 1299 σύν
548 1205 688 1305 ἀδελφώ
719 1208 825 1301 αύτῷ,
860 1207 888 1280 ὦ
916 1238 980 1302 περ
1014 1211 1203 1302 ἐγενέσθην,

127 1312 231 1405 ἀμφω
263 1309 390 1381 ἀπαιδε
418 1290 688 1436 ἐτελευτησήτην·
718 1330 790 1384 τοῖν
820 1317 857 1382 δέ
886 1309 1050 1404 ἀδελφοῖν
1079 1318 1122 1402 τῇ
1146 1315 1204 1400 μέν

127 1410 282 1506 ἑτέρᾳ,
261 1442 281 1503 η
311 1411 328 1481 5
352 1420 504 1536 Χαιρέας
527 1415 679 1502 συνῴκει,
703 1410 767 1484 ούκ
782 1403 823 1506 ἦν
846 1413 945 1534 ἄρρεν
965 1415 1109 1484 παιδίον
1129 1410 1204 1484 ⁰555

127 1517 254 1605 ἐγένετο
283 1514 440 1583 πολλὰ’
422 1541 478 1604 ετη
502 1517 709 1639 συνοικούση,
740 1517 775 1585 ἐκ
798 1519 835 1584 55
855 1522 914 1606 τῆς
936 1511 1107 1605 ἐτέρας,
1084 1545 1105 1606 ῃ
1128 1540 1203 1586 σον·

126 1618 206 1704 τήκει
237 1615 474 1704 Φανόστρατος
503 1614 678 1700 ούτοσί,’
664 1615 768 1708 ήστην
789 1617 851 1687 υἱώ
876 1620 947 1687 δύο.
995 1611 1127 1687 τούτων
1148 1618 1204 1687 τὸν

93 1718 355 1807 κπρεσβύτερον
382 1720 514 1785 τουτονὶ
536 1724 789 1807 Χαιρέστρατον
818 1720 1002 1810 ἐποιήσατο
1030 1721 1124 1788 υἱόν·
1151 1724 1203 1789 καὶ

129 1821 274 1909 ’ἔγραψεν
297 1813 402 1896 ούτως
423 1817 457 1884 ἐν
480 1818 643 1908 διαθήκῃ,
675 1822 770 1909 εἰμὴ
799 1828 927 1911 γένοιτο
952 1815 1042 1909 αύτῷ
1063 1823 1203 1891 παιδίον

129 1923 164 1991 ἐκ
183 1927 243 2013 τής
264 1920 426 2008 γυναικός,
447 1922 566 1988 τοῦτον
586 1922 799 2010 κληρονομεῖν
817 1928 884 1991 τῶν
906 1923 1035 1991 ἑαυτοῦ.
1068 1927 1128 1992 καὶ
1146 1923 1203 2012 τήν

128 2024 295 2111 διαθήκην
322 2025 483 2088 κατέθετο
511 2020 606 2109 παρὰ
634 2027 683 2110 τῷ
714 2026 855 2114 κηδεστῇ
881 2030 1031 2114 Χαιρέᾳ,
1065 2031 1117 2113 τῷ
1148 2024 1203 2114 τήν

58 2190 64 2196 .
129 2127 245 2213 ἑτέραν
275 2117 377 2190 αύτού
405 2115 553 2210 ἀδελφήν
582 2122 700 2207 ἔχοντι.
755 2131 811 2194 καὶ
837 2123 915 2212 ύμῖν
942 2119 964 2215 5
992 2152 1029 2194 τε
1060 2128 1202 2216 διαθήκη

130 2220 211 2315 αύτη
235 2220 533 2312 ἀναγκασθήσεται
546 2230 604 2293 καί
619 2229 653 2294 05
667 2228 931 2315 παραγενόμεναι
945 2229 1203 2317 μαρτυρήσουσι

130 2335 200 2397 Καί
220 2353 281 2412 μοι
302 2321 485 2413 ἀνάγνωθι.

452 2451 634 2503 ΔΙΑΘΗΚΗ.
659 2449 881 2502 ΜΑΡΤΥΡΕΣ.

96 2548 114 2603 8
212 2528 268 2609 Ὡς
288 2531 349 2616 μὲν
371 2532 506 2599 διέθετο
536 2534 592 2597 καὶ
615 2525 669 2648 ἐρ’
697 2529 783 2608 οίς’
769 2531 953 2616 εποιίσατο
981 2528 1056 2599 υἱὸν
1078 2538 1202 2615 τοῦτον,

131 2630 307 2722 ἀκηκόατε
331 2627 430 2711 ιδςδ>
457 2625 591 2711 ἐξδν’
554 2636 644 2719 αυτηῦ
671 2636 752 2698 ταῦτ
756 2612 944 2720 ’ἐπραξεκ
971 2625 1056 2700 ὅθεν
1079 2635 1203 2703 δικαιό-

128 2761 215 2802 τατα
243 2730 389 2821 ἡγοῦμαι
415 2732 457 2801 τὰ
486 2727 612 2801 τοιαῦτ’
645 2731 732 2802 εἶναι
758 2733 956 2817 μανθάνειν,
986 2738 1106 2804 τοῦτον
1130 2734 1203 2822 ύμῖν

131 2834 231 2902 αὐτὸν
250 2839 256 2912 Ι
274 2833 521 2921 παρέξομαι
485 2861 545 2902 τον
567 2835 679 2920 νόμον.
722 2841 792 2901 Καί
812 2861 873 2919 μοι
895 2828 1079 2922 ἀνάγνωθι.

594 2957 740 3009 ΝΟΜΟΣ.

95 3055 115 3108 2
222 3033 384 3104 055005‘
367 3063 385 3104 o
409 3037 526 3124 νόμος,
550 3066 576 3105 ω
562 3026 725 3126 ἀνδρες,
747 3036 858 3116 κοινὸς
880 3030 990 3106 ἀπασι
1010 3054 1130 3124 κεῖται,
1155 3040 1203 3120 5}

132 3152 220 3207 εῖναι
246 3136 289 3205 τὰ
316 3137 436 3207 εαυτού
458 3138 708 3222 διαθέσθαι,’
694 3138 752 3207 εὰν
774 3137 818 3227 μή
842 3126 1012 3260 παῖδες
986 3163 1051 3209 ωσι
1078 3142 1204 3232 γνήσιοι

132 3234 280 3366 ἄρρενες,
310 3238 368 3307 ἐὰν
389 3240 434 3329 μή
459 3237 524 3330 ἀρα
546 3245 663 3327 μανεὶς
683 3231 704 3327 5
726 3237 793 3307 ύπδ
816 3265 925 3329 νηρως
944 3268 964 3329 η
995 3235 1042 3308 δι
1071 3239 1154 3311 ἀλλο
1173 3269 1203 3311 τι

131 3345 198 3409 τῶν
220 3341 324 3428 ἐντῷ
347 3342 437 3430 νόμῳ
459 3347 639 3432 παρανοῶν
662 3335 883 3429 &affluas
870 3336 925 3410 ότι
947 3337 979 3409 5'
999 3337 1111 3413 οὐδενὶ
1131 3343 1203 3412 τού-

216 3530 342 3584 ἐ.5ουκ
359 3531 422 3581 inv.
441 3530 536 3594 add.‚1
554 3531 671 3598 spiritum
690 3529 747 3581 add
760 3532 775 3580 2
794 3558 829 3567 -
850 3531 865 3581 8
883 3524 1019 3594 καταλίπῃ
1037 3546 1102 3584 corr.
1121 3535 1145 3597 2,
1162 3549 1203 3582 κα·

132 3611 196 3666 ταλι
208 3631 245 3682 pr
263 3614 290 3666 in
307 3613 359 3666 fine
376 3629 474 3666 versus.
526 3613 553 3668 δ.
575 3614 647 3667 Ιτιυ
659 3618 685 3666 et
695 3608 808 3682 αδελφω
821 3629 868 3681 pr„
880 3617 1024 3669 εσυι2-
1042 3607 1120 3684 αἵπερ
1133 3615 1202 3668 Rsk..

134 3715 279 3770 ασπερ-
296 3695 451 3797 ίγιννηθην
462 3712 507 3764 pr
526 3703 670 3752 corrl—
687 3693 803 3752 abdel.
817 3698 971 3766 Sauppe-
989 3694 1073 3752 5550
1085 3716 1132 3769 pr,
1150 3693 1202 3752 δύο

133 3786 238 3837 corr.2.
307 3768 502 3837 Ηυύτοε-
469 3776 789 3853 -θάναγναίσεται-
807 3779 1026 3852 μεμαρτυρήκασι
1043 3800 1090 3851 pr„
1108 3785 1200 3837 corni

133 3898 165 3908 -
185 3871 200 3923 8
218 3868 427 3921 ΜΑΡΤῬΡΕΣ
439 3864 496 3917 add
514 3865 587 3920 Turr.
605 3871 708 3920 auctore
727 3865 845 3919 Schoem.
