2626 4476
59 282 83 322 ,.
98 269 130 312 ⁵³.
314 250 390 302 υυοι
408 249 473 303 του
489 233 726 303 ιιιωιυυυυοκυ
744 250 882 304 mmor.
1098 249 1135 310 οι

59 444 162 510 τυρας
185 419 438 509 ἐποιησάμεθα·
464 413 557 485 οὗτοι
573 419 618 500 δέ,
643 418 665 485 ἃ
686 421 746 503 μὲν
763 413 875 498 αὐτοῖς
895 425 1059 510 συμφέρει
1072 424 1139 488 ταῖν

56 520 339 611 ὁμολογηθέντων
360 520 446 600 τότε,
469 519 566 607 κάριά
589 544 695 608 φασιν
710 517 805 602 εἶναι,
830 521 861 587 εἰ
877 525 933 588 καλ
955 521 999 610 μή
1021 528 1140 610 γέγρα-
1171 529 1174 534 ’

60 651 156 706 πται,
181 624 202 690 ἃ
225 617 257 689 δ’
279 617 315 690 οὗ
337 627 509 711 συμφέρει,
534 616 571 688 οὗ
593 622 699 710 κύρια,
723 623 754 688 εί
775 622 819 709 μή
842 628 1038 712 γέγραπται.
1076 624 1138 712 έγαλ
1153 632 1191 688 26

59 720 107 808 δ’,
138 714 165 792 ιό
189 722 321 812 ἄνδρες,
351 719 388 790 οὗ
417 723 584 809 θαυμάζω
610 717 663 790 ότι
692 725 823 811 έξαρνοί
851 724 918 791 εἰσι
943 724 986 792 τά
1009 722 1140 811 ὡμολο-

55 833 201 916 γημένα·
225 820 303 894 οόδὲ
324 824 448 914 γάρτό
469 831 638 913 γραφέντα
660 825 817 892 ἐθέλουσι
835 841 957 894 ποιεῖν.
985 824 1081 915 ἡμεῖς
1105 822 1136 895 δ’

56 925 109 1007 ιός
137 930 273 1014 λέγομεν
299 922 432 1017 ἀληθῆ,
460 930 514 994 καὶ
545 922 626 993 άλλο
649 952 691 994 τι
708 930 882 1016 τεκμήριον
908 924 1140 1016 παρεξόμεθα.

61 1030 286 1118 Πρωταρχίδη
323 1028 386 1116 γάρ
420 1034 469 1114 τῷ
496 1035 662 1116 Ποταμίῳ
699 1029 801 1096 ἐ’δωκε
828 1035 1047 1120 Δικαιογένης
1081 1031 1140 1120 τήν

57 1127 211 1222 άδεληνήν
230 1130 291 1219 τήν
312 1129 433 1197 ἑαυτοῦ
454 1129 513 1197 έπί
530 1129 774 1218 τετταράκοντα
794 1147 902 1215 μναῖς,
927 1126 1001 1200 άντὶ
1024 1133 1060 1199 δὲ
1082 1138 1141 1222 τής

60 1233 204 1322 προικός
234 1232 294 1321 τήν
322 1233 431 1299 οἰκίαν
461 1225 550 1318 αότηῖ
580 1231 640 1321 τήν
667 1230 702 1298 έν
730 1238 927 1320 Κεραμεικῷ
954 1235 1139 1322 παρέδωκε.

55 1335 162 1424 ταύτῃ
191 1335 228 1401 ’δέ
256 1339 298 1422 τῇ
324 1341 469 1420 γυναικί,
497 1333 538 1423 ἣν
566 1331 583 1399 ὁ
607 1335 848 1427 Πρωταρχίδης
870 1335 950 1418 έχει,
977 1337 1140 1425 προσήκει
1169 1380 1172 1387 ·

61 1442 120 1504 τοῦ
145 1437 268 1524 κλήρου
296 1442 398 1525 μέρος
426 1428 600 1524 ὅσονπερ
629 1441 670 1524 τῇ
692 1441 792 1525 μητρὶ
812 1441 854 1523 τῇ
884 1435 955 1526 ἐμῇ.
1007 1438 1082 1505 ἐπεὶ
1106 1433 1136 1505 δ’
1157 1446 1192 1502 2⁷

57 1526 121 1606 οὖν
149 1532 280 1626 άπέστη
302 1543 521 1626 Δικαιογένης
550 1552 626 1632 ταῖς
652 1539 782 1624 γυναιξὶ
809 1552 882 1605 τοῖν
912 1539 1004 1606 δυοῖν
1018 1535 1141 1628 Ιμεροῖν

61 1644 122 1706 τοῦ
142 1639 274 1727 κλήρου,
301 1634 396 1729 ήξίου
424 1635 442 1705 ὁ
466 1639 652 1727 Λεωχάρης
678 1639 738 1706 τόν
759 1641 1000 1729 Πρωταρχίδην
1028 1664 1141 1724 παρα·

62 1741 196 1809 διδόναι
219 1734 308 1828 αὐτῷ
329 1740 389 1827 τήν
412 1746 581 1808 συνοικίαν
595 1740 637 1829 ἣν
651 1738 735 1824 εἶχεν
750 1736 825 1809 άντὶ
847 1747 904 1830 τῆς
922 1743 1070 1836 προικός,
1095 1739 1141 1822 ιός

56 1839 135 1911 ,όντι
164 1842 301 1932 ἒγγυητῇ
331 1837 435 1929 αὐτῷ,
464 1841 502 1910 τὸ
528 1843 563 1909 δὲ
585 1847 685 1931 μέρος
706 1840 792 1930 ὑπὲρ
819 1848 878 1931 τῆς
905 1844 1060 1931 γυναικός
1079 1848 1140 1912 τοῦ
1195 1883 1200 1905 ·

59 1944 179 2034 κλήρου
203 1939 288 2032 παρ’
307 1939 411 2011 αὐτοῦ
425 1944 638 2029 κομίζεσθαιε.
671 1944 880 2034 παραλαβών
903 1947 938 2013 δέ
953 1945 1012 2033 τὴν
1028 1969 1141 2013 συνοι-

60 2053 136 2114 κίαν
157 2045 195 2113 τό
225 2051 325 2135 μέρος
355 2041 393 2113 οό
416 2047 600 2129 παρέδωκε.
649 2051 704 2115 καὶ
734 2047 861 2114 τούτων
889 2045 968 2133 ὑμῖν
989 2047 1142 2137 μάρτυρα

60 2147 120 2214 τὸν
142 2150 384 2238 Πρωταρχίδην
406 2149 606 2234 παρέξομαι.

307 2327 308 2331 Ἰ
489 2271 704 2333 MAPTYPIA.

147 2353 236 2437 Περὶ
259 2351 295 2416 δὲ
317 2350 493 2439 έπισκευής
514 2357 574 2418 τοῦ
594 2354 774 2437 βαλανείου
789 2357 846 2419 καί
868 2353 1062 2438 οἰκοδομίας
1083 2356 1140 2420 καὶ
1153 2364 1190 2422 2⁸

56 2451 228 2539 ⁴nqdveqov
251 2452 360 2541 ε’ίρηκε
381 2458 599 2543 Δικαιυγένης
620 2458 676 2521 καὶ
698 2459 754 2521 νῦν
776 2455 860 2533 ἴσως
882 2454 964 2542 έρεῑ,
989 2452 1034 2533 ὥς
1057 2451 1144 2539 εἷμα·

62 2553 263 2640 λογήοαντες
291 2548 383 2640 αὕτη]
412 2549 604 2623 άποδιόσειν
626 2554 668 2621 τά
696 2551 890 2645 άνηλωμένα
919 2550 976 2623 οάκ
1006 2551 1143 2622 άπεδαί-

60 2680 174 2739 καμεν,
203 2658 260 2722 καλ
288 2648 342 2721 ότι
371 2655 428 2722 διά
456 2661 555 2723 τοῦτο
586 2652 624 2724 οὗ
648 2656 787 2725 δύναται
815 2651 1041 2724 ἀπαλλάττειν
1062 2656 1141 2736 τοὺς

59 2757 220 2843 χρήστας,
250 2749 327 2823 οάδὲ
354 2752 443 2842 ἡμῖν
462 2760 673 2845 παραδοῦναι
698 2758 719 2824 ά
742 2759 794 2826 δεῖ
816 2752 926 2826 αὐτόν.
975 2756 1074 2848 ἡμεῖς
1094 2761 1139 2842 δέ,
1155 2772 1192 2828 29

62 2846 246 2945 ὦάνδρες,
278 2856 336 2924 ἐπὶ
358 2862 417 2924 τοῦ
446 2860 675 2947 δικαστηρίου,
706 2853 763 2926 ότε
789 2856 1014 2949 ήναγκάζομεν
1041 2856 1142 2930 αὐτόν

57 2953 281 3048 -άφίοτασθαι
302 2960 439 3043 τούτων,
463 2955 537 3028 άντλ
558 2965 625 3027 τῶν
642 2964 853 3048 λειτουργιῶν
866 2965 921 3029 καὶ
944 2967 1011 3029 των
1030 2963 1078 3040 εἰς
1099 2962 1146 3057 τά

64 3060 317 3148 οἰκοδομήματα
347 3055 567 3150 ἀνηλωμένων
595 3057 738 3151 άφεῖμεν
767 3057 857 3150 αὕτη]
878 3063 957 3142 τοὺς
983 3064 1160 3153 καρπούς,Ι

61 3154 152 3228 οότω
174 3167 242 3230 ταῖν
265 3162 430 3230 δικαστῶν
450 3158 713 3250 γιγνωσκόντων·
740 3157 878 3251 ὕστερον
901 3159 934 3231 δ’
961 3160 1018 3232 οὐκ
1041 3159 1142 3252 άναγ-

62 3262 240 3348 καζόμενοι
267 3257 342 3329 ἀλλ’
368 3263 497 3342 ἑκόντες
519 3265 637 3350 έδομευ
661 3259 751 3352 αὗτηῖ
774 3266 834 3354 τήν
857 3265 891 3333 έν
915 3262 1010 3334 άοτει
1034 3267 1142 3334 οίκίαν

64 3362 294 3452 ἐξαιρεθέντες
315 3365 402 3450 πρός
423 3371 595 3458 τῴρτρίτῳ
617 3373 712 3456 μέρει
733 3371 794 3433 τοῦ
815 3366 934 3455 κλήρου
961 3367 1046 3450 έχειν
1069 3362 1142 3435 άντὶ

88 3587 92 3595 ·
149 3567 195 3621 26.
210 3562 229 3621 ’4
248 3567 388 3641 έλέγομενι
407 3586 455 3622 em.
474 3571 535 3622 Rsk.
554 3599 588 3611 —
606 3575 622 3624 6
641 3571 752 3623 ἑαυτοῖς
769 3571 861 3623 vitium
880 3571 992 3623 nondum
1013 3572 1143 3624 sublatum

62 3682 96 3692 -
117 3657 130 3703 7
152 3647 236 3705 αἰτῶ.
255 3669 292 3719 pr.
357 3666 360 3673 ’
379 3655 421 3708 27.
441 3658 456 3707 2
474 3646 542 3707 ταῖν
561 3652 638 3708 δυοῖν
655 3672 692 3723 pr.
710 3684 744 3694 —
768 3658 783 3707 9
802 3657 842 3708 tit.
860 3649 1007 3728 μάρτυρευε
1029 3663 1093 3709 mut.
1112 3657 1143 3708 de

63 3753 131 3802 meo,
147 3738 228 3804 vulgo
247 3741 412 3794 MAPm.
480 3739 526 3794 28.
546 3744 558 3792 1
578 3745 639 3792 ante
655 3744 702 3791 καὶ
720 3757 767 3814 πρ.
784 3744 836 3792 tres
848 3741 899 3794 litt.
911 3751 976 3794 eras.
993 3771 1028 3780 -
1045 3745 1060 3794 3
1078 3738 1143 3792 ἄνα·

65 3818 189 3887 λωμέναε
208 3837 256 3874 em.
275 3822 352 3888 Hrw„
369 3825 436 3877 idem
454 3829 529 3891 ηρτο
543 3843 560 3875 α
572 3826 641 3887 29,4
654 3851 692 3864 -
709 3828 732 3878 3.
751 3821 923 3892 διἰπέδομιν
939 3827 1017 3892 Ηυυ,
1035 3826 1064 3880 rt.
1077 3824 1144 3878 ἀπο-

60 3901 226 3973 δεδώκαμεν
243 3936 277 3946 -
294 3912 311 3962 4
329 3904 506 3962 άπαλάσσειν.
557 3907 603 3962 29.
622 3914 637 3962 5
654 3904 852 3980 γιγνωσκότων
869 3941 904 3950 -
922 3916 936 3964 ’ί
950 3911 1090 3983 ἐξαίρετον
1102 3913 1144 3964 vel

62 3989 262 4062 ἐξαιρεθεῖσαν
277 3993 376 4046 θέντες
393 3993 462 4058 Rsk„
481 3994 510 4049 rt.
529 3993 668 4064 ἐξαίρετον
685 3993 857 4068 προσθεντες
873 3995 916 4061 τῷ
1023 4023 1026 4027 ·
1063 4022 1066 4027 ·
1116 4018 1117 4025 ’
