2626 4476
59 260 95 302 οι.
108 261 126 302 1.
333 241 408 293 ΠΕΡΙ
426 239 490 293 ΤΟΥ
507 238 710 294 ΚΔΕΩΝΥΜΟΥ
727 238 864 291 ΚΔΗΡΟΥ.
1118 233 1138 293 9

59 416 300 500 γεγραμμέναις
329 408 511 499 διαθήκαις
540 408 660 477 έδωκεν
690 402 803 488 αῦτοῖς
830 405 890 495 τήν
921 400 1053 487 οῦσίαν,
1082 408 1139 472 καὶ

59 507 150 580 τοῦτ
178 508 271 591 άξιον
294 509 380 579 ελναί
368 519 462 596 ίμοι
485 511 575 578 δοκεῖ
596 510 800 594 θαυμάζειν,
831 502 906 576 ῦτί
928 532 1012 574 ποτε
1035 506 1138 574 ἐπαν-

61 615 219 705 ορθῶσας
240 620 441 703 κυριωτέρας
465 607 567 692 αῦτδις
594 607 701 701 ήγοῖτ
733 603 773 680 άν
795 615 953 700 ποιήσαι·
983 624 1054 690 τοῖς
1075 609 1138 697 γὰρ

61 713 228 796 ἄλλοις
190 743 286 796 ουτος
301 710 379 804 ῦρος
395 714 467 783 ἐστί
468 744 495 839 γ,
512 742 537 782 ω
524 701 680 802 άνδρες,
695 719 762 782 τῶν
777 715 968 803 δωρεῶν.’
958 713 1008 780 έτι
1023 713 1059 779 δὲ
1080 714 1135 780 καὶ
1153 724 1192 782 25

61 820 94 887 εί
117 847 150 888 τι
173 819 396 941 προσγράψαι
420 818 551 897 τούτοις
577 817 741 903 ἐβούλετο,
768 815 880 885 διάί
846 824 880 884 τί
902 809 959 883 οῦκ
981 815 1014 884 ἐν
1037 815 1138 902 ἑτέρῳ

59 922 195 1011 γράψας
216 916 300 989 αῦτὰ
321 927 536 1043 γραμματείῳ
557 922 744 1002 κατέλιπεν,
768 917 938 1006 ἐπειδὴ
900 944 943 984 τα
957 916 1136 1006 γράμματα

59 1024 155 1111 παρὰ
170 1028 236 1091 τῶν
259 1017 426 1110 ῦρχύντων
448 1016 506 1090 οῦκ
520 1020 665 1111 ἐδυνήθη
688 1024 784 1106 λαβεῖ
784 1048 813 1103 ν,·
771 1015 997 1104 ῖάνελεῖνγ
998 1021 1045 1087 ιὲν
1066 1019 1138 1106 γάρ,

59 1154 86 1193 ω
72 1113 229 1215 άνδρες,
253 1119 311 1208 οῦχ
334 1118 449 1203 οἷός
419 1151 439 1191 τ
467 1111 527 1292 ήνό
523 1119 604 1191 άλλο
626 1137 851 1211 γραμματεῖον
873 1112 903 1252 ή
916 1122 954 1190 τδ
980 1121 1073 1210 παρά
1096 1127 1136 1210 τῇ

53 1222 143 1318 ’άρχή
164 1253 200 1295 κε
202 1234 329 1313 ί·μενον
352 1226 527 1316 γράψαιδ
530 1220 693 1314 ’έξήν’
664 1251 712 1305 εις
735 1226 847 1311 έτερον
870 1227 903 1293 εἴ
922 1253 956 1293 τι
973 1226 1137 1313 ἐβούλετο,

59 1333 115 1398 καὶ
136 1330 220 1419 μηδὲ
242 1323 344 1397 τοῦθ
369 1325 448 1417 ἡμῖν
472 1324 767 1419 ἀμφισβητήσιμον
792 1327 858 1397 ἐάν.
895 1329 925 1396 εἰ
946 1336 1058 1398 τοίνυν
1079 1333 1136 1399 καὶ
1152 1347 1191 1404 26

58 1438 157 1501 τοῦτο
181 1432 467 1520 συγχωρήσαιμεν,
498 1428 544 1511 ῶς
570 1430 692 1510 ἐκεῖνος
715 1432 958 1520 ἐπανορθῶσαι
979 1431 1040 1510 τὰς
1063 1434 1138 1501 δια-

58 1535 168 1624 θήκας
192 1535 356 1620 ἐβούλετο,
380 1539 469 1601 πάσι
491 1534 599 1623 δήπου
623 1534 769 1624 φανερὸν
791 1531 868 1619 ῦμῖν
891 1534 981 1602 ἐστιν
1004 1528 1055 1603 ῦτι
1080 1529 1138 1602 οῦκ

59 1633 176 1725 ὀρθῶς
200 1635 301 1714 αῦτὰς
323 1638 408 1719 ἔχειν
429 1633 550 1726 ήγεῖτο.
594 1645 704 1704 καίτοι
727 1650 883 1705 σκοπεῖτε
904 1640 961 1704 καὶ
984 1636 1139 1706 ἐντεῦθεν

14 1766 16 1769 ·
58 1739 119 1828 τήν
142 1734 375 1823 άναισχυντίαν
399 1733 524 1826 αῦτῶν,
553 1741 589 1807 οἵ
616 1765 703 1817 τινες
731 1740 855 1818 ταύτας
882 1738 943 1818 τὰς
973 1739 1139 1828 διαθήκας

60 1836 212 1921 άξιοῦσιν
227 1839 314 1909 εἶναι
329 1848 458 1931 κυρίας,
482 1841 522 1920 ῦς
544 1838 747 1930 ὁμολογοῦσι
767 1843 851 1931 μηδὲ
868 1836 967 1909 αῦτδν
982 1842 1041 1910 τδν
1064 1844 1138 1911 δια-

58 1949 203 2028 θέμενον
219 1943 347 2031 [ταῦτα]
363 1937 479 2033 ὀρθῶς
494 1943 579 2027 ’ἐχειν
592 1939 762 2033 ἡγεῖσθαι,
784 1947 840 2012 καὶ
855 1949 1038 2012 πείθουσιν
1053 1941 1139 2029 ῦμάς

60 2045 194 2113 ἐναντία
215 2049 272 2113 καὶ
293 2060 365 2124 τοῖς
387 2045 503 2130 νόμοις
524 2049 581 2113 καὶ
607 2050 656 2133 τηῦ
685 2047 804 2134 δικαίῳ
825 2050 882 2113 καί
903 2050 945 2133 τῇ
966 2050 1026 2113 τοῦ
1046 2071 1138 2113 τετε-

60 2147 255 2237 λευτηκότος
274 2147 386 2236 γνῶμη
409 2154 647 2275 ψηφίσασθαι).
681 2148 730 2216 ἔτι
753 2155 863 2216 τοίνυν
885 2148 1011 2215 τούτων
1028 2144 1137 2215 άπάν·
1154 2161 1190 2217 ῖῖ

60 2276 128 2317 των
152 2244 390 2329 άναιδέστατος
411 2255 478 2318 τῶν
495 2250 643 2375 λύγων’
629 2258 735 2333 εστίν,
758 2244 839 2319 ὅταν
861 2254 1011 2336 τολμῶσι
1034 2254 1139 2338 λέγειν

61 2348 108 2430 ῶς
135 2352 334 2437 Κλεώνυμος
363 2346 505 2419 οῦδὲνς
486 2357 575 2441 ημᾶς
602 2357 669 2420 τῶν
698 2349 799 2421 αῦτοῦ
830 2357 943 2439 λαβεῖν
973 2353 1137 2439 ἐβούλετο

59 2462 180 2538 καίτοι,
204 2481 231 2520 ω
216 2440 404 2576 ἄνδρες,
412 2461 506 2534 τίνας
529 2445 569 2522 άν
593 2451 714 2534 άλλους
735 2460 840 2522 ταῦτα
863 2456 947 2540 ἐ’χειν
972 2455 1139 2545 ἐβουλήθη

58 2547 229 2643 μάλλον”
207 2584 228 2644 η
250 2557 397 2638 τούτους,
421 2557 478 2635 οῦς
499 2559 555 2624 καὶ
579 2555 671 2638 ζῶν’
657 2583 691 2624 εκ
706 2561 773 2625 τῶν
788 2554 889 2625 αῦτου
876 2561 1050 2626 πλεῖστα
1072 2562 1138 2625 τῶν

60 2659 192 2726 οἰκείων
214 2653 355 2747 ῶφέλει,·
376 2649 602 2727 πάντωνδ”
581 2687 621 2726 αν
637 2660 687 2748 ε’ίη
704 2659 999 2746 θαυμασιώτατον,
1022 2685 1051 2726 ει
1042 2659 1139 2749 ’Κη-
1152 2677 1192 2734 28
1273 2710 1275 2714 κ

60 2785 88 2887 η)
91 2760 246 2847 ίσανδρος
267 2755 367 2844 μὲν(
350 2787 367 2827 ο
383 2760 510 2827 τούτων
526 2761 646 2839 οἰκεῖος
662 2763 696 2829 δί
684 2769 791 2830 ίκαιον
806 2759 917 2849 ἡγεῖτο
938 2759 967 2829 εἶ
969 2789 1024 2829 ναι
1037 2767 1138 2849 μέρος

59 2863 199 2930 ἕκαστον
219 2857 313 2949 ήμῶν
337 2862 421 2946 ἐ’χειν
435 2867 494 2950 τῆς
517 2857 592 2931 οῦσί
594 2889 642 2946 ας,
668 2865 866 2950 Κλεώνυμος
890 2858 957 2930 3³t
940 2891 977 2944 ος
998 2851 1038 2952 ἦν
1059 2860 1139 2951 ἡμῖν

59 2964 264 3043 οἰκειότατος
286 2968 342 3033 καὶ
365 2961 451 3053 ἡμᾶς
474 2965 522 3044 εἰς
543 2965 602 3053 τήν
618 2966 726 3034 οἰκίαν
739 2966 799 3054 τήν
816 2964 916 3034 αῦτου
903 2966 1043 3053 λοβῶν
1060 2966 1138 3034 ἕθε-

58 3067 186 3155 ράπευε
207 3069 262 3134 καὶ
286 3065 480 3153 ἐπεμελεῖτο
510 3072 577 3134 τῶν
606 3065 773 3158 ἡμετέρων
801 3062 916 3157 ῶσπερ
944 3073 1010 3136 τῶν
1037 3066 1138 3136 αῦτοῦ

58 3169 282 3257 πραγμάτων,
314 3165 410 3248 οὗτος
431 3170 554 3255 μόνους
578 3169 731 3256 ἐβούλετο
753 3168 840 3259 ἡμᾶς
863 3165 1025 3261 άκλήρους
1051 3169 1138 3239 εἶναι

59 3278 125 3338 τῶν
156 3267 266 3339 αῦτοῦ.
315 3275 372 3339 καὶ
399 3279 451 3350 τίς
480 3262 520 3340 άν
547 3269 639 3357 ῦμῶν
666 3273 876 3342 πιστεύσειεν
907 3269 1189 3363 εῦνουστέρουςκο

60 3375 117 3438 καὶ
131 3378 371 3462 μετριωτέρους
386 3373 465 3453 τοῦς
480 3368 667 3453 ἀντιδίκους
688 3371 768 3464 ἡμῖν
785 3373 952 3443 εἶναιτῶν
972 3375 1135 3442 οἰκειοτά-

129 3573 172 3630 24.
191 3580 208 3630 4
224 3571 309 3647 ἡγοῖτ’
324 3573 359 3628 ἂν
371 3578 433 3632 Gob.
502 3575 546 3633 25.
566 3582 581 3629 2
600 3575 746 3646 ίβάλετοθ
764 3609 797 3619 -
816 3583 831 3632 3
849 3577 1008 3634 κατέλειπεν
1019 3582 1041 3632 A
1052 3598 1089 3649 pr.
1102 3611 1136 3621 —

58 3661 143 3728 4μέν
161 3676 211 3713 om.
229 3661 262 3714 A:
318 3660 363 3716 26.
382 3665 396 3714 3
415 3657 519 3729 ἡμῖνΑ
542 3691 573 3701 -
597 3666 676 3716 ὁκαὶ
693 3661 746 3728 τὴν
770 3663 790 3724 Q
815 3693 848 3705 —-
873 3670 887 3718 7
906 3666 995 3718 ταῦτα
1017 3665 1066 3718 del.
1085 3665 1136 3719 Mai

57 3773 91 3784 —
109 3740 177 3811 ἡμᾶς
194 3746 224 3811 Q,
241 3741 298 3813 ῦμῖ
309 3783 315 3798 .
333 3748 355 3799 Α
374 3763 421 3814 pr„
438 3762 502 3800 corr.
524 3750 535 3800 l
560 3776 592 3785 -
612 3750 627 3800 8
645 3752 691 3799 καὶ
712 3753 771 3800 ante
788 3752 844 3801 τοῖς
862 3746 954 3816 νόμους
972 3765 1021 3802 om.
1039 3751 1069 3803 A.

57 3827 99 3883 27.
119 3833 134 3883 3
153 3824 284 3905 ἧβαύλςτο
301 3825 324 3881 Α
341 3859 374 3869 -
393 3830 617 3899 4τίναήτίναεΑ
635 3849 680 3900 με,
699 3835 770 3899 prius
787 3833 888 3887 induxit
908 3838 919 3887 1
940 3864 973 3873 -
995 3828 1135 3901 ἠβουλήθη

58 3913 78 3974 Q
96 3915 119 3966 A
134 3930 262 3981 pr.‚¹c0rr.
283 3920 295 3968 1
315 3944 349 3954 -
367 3920 381 3968 5
400 3912 502 3982 μᾶλλον
519 3932 570 3968 om.
589 3916 610 3977 Q
627 3946 658 3956 -
681 3918 750 3982 ζῶν;
769 3917 828 3971 τῶν
847 3918 876 3979 Q.
944 3917 989 3975 28.
1008 3924 1023 3972 4
1042 3917 1136 3972 οἰκειό-

58 4015 133 4067 τεροι
150 3998 172 4051 Α
190 3998 255 4054 Mai:
274 4015 322 4053 em.
341 3999 389 4054 Bk.
409 4031 440 4040 —
459 4005 474 4056 6
492 3995 585 4069 μάνοεε
604 4017 652 4055 em.
670 4000 786 4058 Jenicke.
