2626 4476
60 261 84 302 ῃ.
96 249 130 292 58.
305 233 380 286 ΠΕΡΙ
398 232 462 287 ΤΟΥ
478 231 739 288 ΦΙΛΟΚΤΙΙΜΟΝΟΣ
756 233 894 287 ΚΛΗΡΟΥ.
1099 230 1137 292 71

56 426 114 479 τις
135 404 203 467 τῶν
225 395 308 490 παρ’
335 396 449 480 αὐτοῖς
471 400 606 468 οἰκετων
630 400 753 489 φάσκει
773 405 879 468 ταῦτα
901 401 1035 484 εἰδέναι,
1061 398 1140 490 ἡμῖν

58 502 285 591 παραδοῦναι,
308 497 384 569 οὔτε
407 503 521 587 λαβεῖν
542 496 715 590 ἠθέλησαν
739 495 818 569 οὔθ’
844 499 923 591 ἡμῖν
942 502 948 589 Ι
967 504 1140 586 παραδοῦ-

60 630 127 671 ναι
163 609 234 672 Καί
255 630 315 689 μοι
338 604 418 689 λαβὲ
439 603 499 693 τήν
520 598 553 670 τ’
573 598 753 691 άπόκρισιν
769 597 877 672 αἰτῶν
898 608 953 672 καί
975 604 1037 684 τὰς
1056 602 1139 694 ήμε·

53 711 161 793 τέρας
182 711 367 793 μαρτυρίας
388 708 444 773 καὶ
466 705 676 794 προκλήσεις.

214 826 432 879 ΑΠΟΚΡΙΣΙΣ.
468 825 696 879 ΜΛΡΤΥΡΙΑΙ.
731 826 984 881 ΠΡΟΚΛΗΣΕΙΣ.

151 902 255 976 Οὗτοι
280 909 341 992 μὲν
369 913 480 975 τοίνυν
507 910 641 975 τοιοῦτο
669 911 808 1035 πρᾶγμα
835 909 974 1032 ἰησυμον·
1008 908 1070 997 ἐγώ
1100 904 1133 976 δ)
1157 920 1189 973 17

59 1005 138 1093 ὖμῑν
161 1008 320 1088 ἐπιδείξω
334 1012 391 1076 καὶ
413 1003 496 1077 ὅθεν
520 1008 585 1076 εἰσὶ
608 1009 714 1076 κάλ’
685 1009 807 1089 οίτινες
823 1010 879 1089 οὓς
900 1017 1055 1101 γνησίους
1070 1012 1138 1079 διε-

54 1111 275 1202 μαρτύρησον
291 1106 377 1179 εἰναι
391 1113 448 1178 καλ
462 1109 685 1236 κληρονόμους
700 1110 834 1198 ζητουσι
851 1117 1058 1213 καταστῆσαι
1071 1138 1138 1180 των

58 1206 280 1301 Εὐκτήμονος.
325 1213 408 1291 ἰσως
437 1211 534 1298 μέν
520 1235 610 1279 εστιν
633 1205 732 1301 άηδὲς
755 1214 998 1302 Φανοστράτῳ,
1029 1213 1056 1280 ὠ
1080 1210 1138 1281 άν-

55 1312 199 1400 δρες,
160 1339 222 1393 τας
234 1307 443 1403 Εὐκτήμονος
454 1311 631 1439 σημφορὰς
645 1312 793 1435 φανεράς
802 1317 1025 1384 καθεστάναι·
1040 1309 1096 1384 ὀλί
1083 1323 1137 1403 lya

54 1409 92 1479 δ
112 1408 290 1502 ἀναγκαῖον
305 1416 494 1505 ῥηθήναι,”
479 1409 522 1483 ιε’
541 1411 636 1500 ὑμεῖς
656 1413 717 1503 τήν
732 1409 897 1502 άλήθειαν
913 1417 1039 1495 εἰδότες
1055 1419 1137 1506 ῥᾷον

52 1515 103 1583 τὰ
133 1516 167 1583 δί
154 1523 245 1585 ίκαια
272 1529 351 1606 ψηφ
355 1521 488 1605 ίσησθε.
540 1509 728 1637 Ευκτήμων
746 1467 866 1601 μίν
828 1543 891 1605 γαρ
920 1517 1040 1602 δί’βω’
1022 1543 1078 1606 ετη
1102 1518 1139 1597 ἓξ
1153 1531 1188 1586 18

57 1617 350 1708 καλένενήκοντα,
378 1617 496 1685 τούτου
526 1618 563 1684 δὲ
590 1621 650 1684 τοῦ
669 1617 789 1704 χρόνου
811 1618 951 1704 τὸνμὲν
976 1622 1137 1686 πλεῖστον
1251 1702 1254 1707 ,

54 1717 172 1788 ἐδόκει
186 1714 278 1787 εάδαί
265 1726 349 1805 ίμων
365 1716 508 1786 είναι-
467 1721 579 1785 -καὶ
578 1717 655 1840 γάρ
678 1714 808 1787 οὖσία’
791 1747 830 1838 ην
853 1714 911 1788 οὐκ
931 1714 987 1789 ολί
974 1728 1025 1810 ίμη
1046 1716 1137 1807 αὐτῷ

55 1824 117 1889 καί
138 1822 258 1900 παῖδες
278 1826 334 1890 καὶ
356 1821 452 1909 γυνή,
474 1823 530 1888 καὶ
550 1807 687 1888 τοίλλΗ
673 1846 829 1900 επιεικως
851 1816 1042 1906 ευτύχει-
1041 1821 1137 1905 ,ἐπὶ

50 1922 167 2011 γήρως
189 1917 286 1990 δὲ’
248 1927 339 2010 αοτηῖ
362 1920 518 2011 συμφορὰ
541 1920 667 2008 ἐγένετο
691 1917 728 1990 οὐ
750 1923 862 2012 μικρά,
883 1924 904 2012 ἣ
928 1875 1051 1992 ἐκεῖνοί
1067 1928 1137 1991 πά·

55 2047 123 2093 σαν
149 2023 209 2114 τήν
237 1987 345 2093 οἰκίάν
376 2024 558 2112 ἐλυμήνατο
587 2026 643 2091 καί
669 2025 822 2113 χρήματα
849 2024 961 2093 πολλὰ
996 2025 1135 2093 διώλεσε

51 2128 114 2194 καὶ
136 2121 238 2195 αὐτὸν
252 2141 325 2206 τοῖς
341 2126 558 2204 οἰκειοτάτοις
574 2126 622 2204 εἰς
644 2125 812 2215 διαφοράν
825 2133 1034 2216 κατέστησεν.
1051 2119 1134 2194 άθεν
1151 2144 1187 2200 19

52 2228 96 2295 δὲ
115 2231 173 2297 καί
193 2221 290 2307 σ’πως
312 2233 394 2296 ταῦτ
398 2221 565 2314 ’,ἐγένετο
587 2223 633 2305 ιδς
657 2218 697 2294 δν
719 2229 870 2313 δύνωμαι
892 2228 948 2297 διὰ
970 2228 1135 2351 βραχυτά-

51 2354 126 2397 των
148 2329 299 2418 δηλώσω.
351 2324 603 2416 ἀπελευθέρα
585 2355 626 2416 ην
649 2323 760 2410 αυτοῦ,
790 2328 817 2395 ὠ
840 2326 1016 2418 άνδρες,“
995 2357 1024 2457 η
1040 2329 1135 2397 ίναυ·

52 2430 172 2552 κλήριι
193 2438 363 2500 συνοικίαν
386 2429 420 2498 ἐν
435 2437 592 2517 Πειραιεῖ
614 2423 714 2497 αὐτου
701 2434 793 2499 καλ
807 2432 909 2498 παιδί
896 2438 991 2510 ἰσκας
1006 2431 1156 2554 ἔτρεφε.

51 2532 184 2602 τούτων
211 2540 292 2618 μίαν
322 2532 480 2621 ἐκτήσατο
508 2526 530 2619 ᾗ
558 2526 665 2616 ὄνομα
690 2518 730 2618 ἦν
752 2525 908 2620 Ἀλκή,ι
892 2532 933 2620 η’ν
960 2529 1059 2600 κάλ’
1042 2534 1156 2617 υμῶν

52 2631 155 2719 οἶμαι
176 2633 324 2714 πολλοὺς
339 2634 473 2702 εἰδέναι.
498 2626 593 2759 αήτη
610 2628 685 2698 δὲ’
667 2659 687 2720 η
711 2626 803 2720 Ἀλκή
827 2627 1000 2722 ὠνηθεῖσα
1022 2632 1134 2700 πολλά

50 2727 163 2821 ,τιδι’
146 2763 202 2826 ετη
230 2735 425 2824 καθήστο’
411 2761 445 2802 εν
475 2733 645 2823 οἰκήματι,
672 2729 735 2823 ηδη
759 2734 795 2800 δ
817 2740 1027 2822 πρεσβυτέρα
1050 2722 1134 2802 ουσα

54 2831 127 2907 άπὸ
151 2838 212 2921 μὲν
233 2842 293 2905 τοῦ
315 2837 494 2925 οἰκήματος
510 2830 695 2921 άνίστατοι,
718 2836 918 2924 διαιτωμένῃ
943 2837 978 2903 δὲ
994 2831 1077 2925 αὐτῇ
1100 2836 1134 2904 ἰν
1147 2854 1185 2909 20

54 2943 97 3027 τῇ
119 2945 271 3029 συνοικίᾳ
287 2943 386 3026 συνῆν
402 2935 587 3027 άνθρωπος
604 2932 834 3026 ἀπελεύθερος
854 2975 897 2987 —-
918 2944 1012 3006 Δίων
1027 2935 1134 3025 ὄνομα

53 3035 149 3128 ᾳῦτηῖ
172 3080 223 3123 -,
247 3040 283 3120 ἐξ
304 3035 342 3108 οὗ
365 3040 428 3129 ’ἐφη
452 3038 557 3128 ἐκείνη
579 3039 716 3118 τούτους
742 3044 926 3127 γεγονέναι·
955 3043 1010 3107 καλ
1033 3040 1133 3128 ἐ’θρε·

55 3154 123 3228 ψεν
146 3137 266 3221 αδτοδς
288 3137 306 3209 δ
329 3148 423 3211 Δίων
445 3138 491 3220 ὣς
513 3137 613 3220 ὄντας
634 3140 764 3208 ἑαυτοῦ.
805 3141 914 3228 χρόνῳ
938 3141 974 3207 δὲ
995 3134 1132 3228 ὕστερον

52 3240 74 3313 δ
97 3244 160 3328 μὲν
179 3249 275 3312 Δίων
303 3243 422 3332 ζημίαν
450 3243 664 3331 εἰργασμένος
691 3246 747 3310 καὶ
776 3244 891 3321 δείσας
919 3239 1004 3330 ὑπὲρ
1031 3240 1133 3310 αὑτοῦ

55 3342 270 3435 ὑπεχώρησεν
298 3345 346 3423 εἰς
368 3349 533 3412 Σικυῶνα·
561 3344 621 3434 τήν
650 3338 682 3411 δ’
708 3340 893 3433 άνθρωπον
913 3344 1044 3432 ταύτην,
1072 3341 1132 3432 τήν

53 3441 183 3536 Ἀλκήν,
206 3453 408 3536 καθίστησιν
423 3441 601 3536 Εὐκτήμων
624 3446 864 3531 ἐπιμελεῖσθαι
884 3449 943 3534 τῆς
966 3443 1000 3511 ἰν
1021 3451 1114 3531 Κερα

54 3553 161 3637 μεικηδ
183 3556 361 3629 συνοικίας,
383 3553 441 3637 τής
463 3546 557 3637 παρά
578 3547 638 3636 τὴν
654 3549 789 3630 πυλίδα,
814 3541 852 3614 οὗ
874 3544 999 3624 δοῖνος
1021 3541 1131 3626 οἰνιος.

142 3726 158 3775 5
177 3716 270 3773 αὐτοῖς
287 3736 350 3772 corr.
369 3725 393 3783 ῖ,
411 3715 494 3772 αὐτοῦ
512 3735 555 3791 ρι.
568 3749 602 3758 -
623 3723 648 3772 7.
666 3722 690 3772 8.
708 3713 806 3788 ἡμερας
824 3735 870 3786 pr„
888 3735 952 3771 corr.
972 3723 984 3772 1
1005 3749 1038 3758 -
1056 3722 1072 3773 9
1090 3721 1130 3772 tit,

59 3810 194 3876 μαρτυρία
216 3809 245 3857 et
266 3800 422 3876 πράκλησιε;
445 3820 495 3856 em.
513 3803 574 3856 Rsk.
643 3805 683 3859 1⁷.
701 3807 717 3856 2
735 3797 779 3855 οδε
796 3803 871 3856 th
896 3799 993 3856 αὖτοδε
1010 3832 1044 3845 -
1065 3807 1082 3857 4
1100 3804 1129 3856 ft.

61 3883 273 3961 Χαιρεστράτης
290 3893 336 3940 καί
349 3892 430 3958 Χαιρ.
449 3887 506 3940 add.
525 3887 643 3941 Schoem.
662 3917 695 3927 -
714 3892 729 3942 5
747 3886 921 3940 καθεστάναι
933 3904 979 3954 με,
997 3887 1119 3940 καθιστᾶ

60 3991 105 4025 ναι
121 3990 188 4028 corr.
206 3976 230 4027 2.
300 3973 341 4028 18.
362 3976 376 4025 λ
395 3970 586 4038 ίννενήκονταε
606 3987 654 4024 em.
672 3971 721 4026 Bk.
739 4003 773 4012 —
791 3976 807 4026 4
824 3965 889 4024 πολλ’
910 3982 956 4039 με,
974 3989 1037 4026 corr.
1056 3976 1080 4025 2.
