2626 4476
137 95 177 157 32
619 97 726 153 ΙΣΑΙΟΥ
1152 111 1219 157 οὓς

135 294 231 357 τερον
253 267 302 346 είς
323 265 365 332 τὰ
388 266 475 352 ἔργα,
499 258 557 348 ούχ
578 261 724 353 ήγήσατο
748 266 817 334 δεῖν
838 279 910 344 τοῖς
935 259 1006 333 άπὸ
1028 269 1092 335 τοῦ
1115 258 1219 334 αύτο-

136 370 243 456 μάτοο
267 368 334 436 ἐκεῖ
354 367 522 450 ἐντυχοῦσι
544 366 688 453 μάρτυσι
700 371 851 454 χρῆσθαι
866 370 944 456 περὶ
962 371 1021 456 τῆς
1035 365 1217 457 ἐξαγωγῆς,

139 464 211 538 ἀλλ’
245 465 321 558 ήκεν
350 470 432 552 ἐχων
461 467 599 535 ἐνθένδε
619 468 814 557 Διόφαντον
841 467 901 537 τὸν
929 467 1101 558 Σφήττιον
1130 462 1215 554 μεθ’

139 574 266 657 ἑαυτοῦ,
290 571 328 651 ὃς
350 572 440 658 ἔλεγε
461 567 521 658 τήν
552 570 644 658 δίκην
668 565 754 659 ὑπὲρ
781 570 919 652 τούτου,
947 571 1002 639 καὶ
1025 569 1217 658 Δωρόθεον
1255 572 1257 583 ⁴

138 676 196 743 τὸν
225 668 423 743 Ἐλευσίνιον
455 675 510 740 καί
543 670 602 739 τόν
636 665 783 761 άδελφδν
817 666 918 741 αὐτοῦ
953 670 1129 761 Φιλοχάρη
1164 674 1217 741 καί

140 773 259 855 ἄλλους
274 774 421 853 πολλοὺς
435 774 613 861 μάρτυρας,
630 773 888 863 παρακεκληκώς
904 773 1042 843 ἐνθένδε
1056 775 1218 854 σταδίους

87 891 124 949 23
139 878 231 966 ἐγγύς
252 883 462 963 τριακοσίους
486 873 604 943 ἐκεῖσε·
633 879 712 965 περὶ
744 877 779 943 δέ
807 879 864 964 τῆς
887 875 1001 966 ἐγγύης
1022 881 1083 965 τῆς
1109 877 1218 968 τήθης

138 986 204 1048 τοῖν
233 980 367 1048 παίδων
394 981 460 1044 τῶν
489 975 608 1044 ἑαυτοῦ
637 975 671 1045 ἐν
700 981 748 1064 τῷ
777 973 871 1046 άστει
901 977 1142 1067 ἐκμαρτυρίαν,
1174 973 1216 1058 άίς

140 1104 233 1172 φησι,
256 1080 457 1164 ποιούμενος
478 1082 545 1145 τῶν
565 1079 626 1162 μὲν
642 1078 771 1146 οἰκείων
788 1073 906 1147 ούδίνα
921 1083 988 1147 τῶν
1005 1079 1129 1149 ἐαυτοῦ
1152 1105 1217 1149 πα·

140 1181 344 1272 ρακεκληκώς
367 1188 538 1271 φαίνεται,
561 1180 742 1248 Διονύσιον
764 1181 809 1247 ’δὲ
832 1175 959 1269 Ἑρχιέα
985 1184 1042 1250 καὶ
1062 1176 1217 1271 Ἀριστό-

140 1289 235 1370 λοχον
264 1283 322 1352 τόν
349 1282 557 1371 Αἰθαλίδην.
603 1280 686 1365 μετά
716 1283 809 1350 δυοῖν
835 1283 967 1351 τούτοιν
993 1282 1027 1350 ἐν
1048 1287 1100 1371 τηῖ
1124 1279 1217 1353 άστει

141 1383 241 1456 αὐτοῦ
263 1386 323 1475 τὴν
346 1385 564 1474 ἐκμαρτυρίαν
587 1383 805 1472 ποιήσασθαί
832 1407 937 1473 φασιν
965 1379 1060 1453 ούτοι
1082 1422 1127 1434 -
1148 1411 1217 1454 τοι·

142 1495 225 1558 αύτα
246 1487 331 1575 μετὰ
353 1487 489 1568 τούτιον,
513 1485 564 1565 οἷς
586 1480 660 1553 οὐδ’
688 1476 727 1552 άν
749 1487 830 1567 περὶ
851 1482 991 1553 ὁτουοῦν
1005 1486 1216 1556 πιστεύσειεν

90 1601 126 1657 24
143 1588 242 1671 ἄλλος
265 1584 382 1668 ούδείς.
428 1591 510 1668 ἴσως
531 1587 594 1675 γὰρ
615 1575 656 1675 ῆν
678 1585 715 1675 νῆ
731 1592 802 1654 Δία
820 1586 987 1675 πάρεργον
1005 1590 1061 1655 καὶ
1076 1590 1215 1677 φαῦλον,

142 1696 221 1781 περὶ
244 1686 282 1758 οὗ
304 1690 363 1780 τῆν
387 1690 605 1778 ἐκμαρτυρίαν
628 1687 722 1776 παρὰ
737 1691 796 1755 τού
810 1688 999 1776 Πορετίδου
1015 1694 1104 1779 φασὶ
1119 1688 1216 1812 ποιή-

142 1799 274 1862 σασθαι
304 1788 411 1874 οὗτοι,
442 1785 529 1858 ὥστε
558 1784 653 1857 ούδέν
681 1788 882 1873 θαυμαστόν
906 1783 1161 1881 δλιγωρηθῆναι
1180 1818 1216 1881 ην

142 1896 180 1965 τὸ
204 1901 352 1984 πρᾶγμα.
395 1896 453 1961 καλ
474 1896 566 1975 πῶς,·
588 1891 639 1970 οίς
660 1916 697 1978 γε
718 1895 799 1981 περὶ
821 1885 922 1959 αύτού
946 1892 1065 1961 τούτου
1087 1890 1107 1961 ό
1132 1888 1216 1982 άγών

141 1987 182 2087 ήν
202 1995 219 2066 ό
236 2003 302 2066 τῶν
317 1996 625 2082 ψευδομαρτυριῶν,
642 1993 680 2061 ὃν
695 1996 858 2081 Ξενοκλῆς
873 1991 1019 2081 ἐ’φεογεν,
1040 1983 1062 2082 ή
1078 1993 1116 2074 ἐξ
1129 1993 1216 2065 ἐταί·

144 2123 203 2186 ρας
231 2090 252 2186 ή
281 2096 316 2177 ἐξ
343 2098 497 2186 ἐγγυητῆς
524 2092 583 2181 τὴν
613 2094 745 2194 ἑαυτοῦ
760 2109 898 2182 γυναῖκα
924 2092 1019 2163 εἶναι.
1065 2093 1141 2163 είτα
1163 2095 1215 2165 ἐπί

144 2201 265 2290 ταύτην
287 2190 328 2267 άν
349 2198 408 2286 τῆν
430 2206 623 2287 μαρτυρίαν,
648 2196 677 2264 εἰ
698 2195 738 2284 ῆν
761 2191 900 2286 ἀληθής,
925 2191 981 2265 ούκ
1004 2187 1044 2265 άν
1066 2190 1216 2279 ἅπαντας

94 2313 130 2369 25
144 2302 222 2380 τούς
245 2302 386 2379 οἰκείους
406 2300 485 2380 τούς
507 2300 626 2368 ἑαυτοῦ
641 2299 848 2385 παρακαλεῖν
863 2297 986 2378 ἐκεῖνος
1000 2293 1145 2387 ῆξίωσες
1166 2303 1216 2369 ναί

143 2404 190 2490 μά
212 2411 298 2486 Δία,
329 2401 374 2483 ὡς
402 2403 503 2491 ἐγωγε
530 2398 639 2491 η’ίμην,
670 2400 703 2467 εί
728 2425 765 2486 γε
792 2386 832 2487 ήν
858 2394 984 2490 άληθές
1005 2399 1043 2468 τὸ
1068 2406 1214 2492 πρᾶγμα.

144 2502 182 2576 ού
205 2514 316 2575 τοίνυν
339 2512 506 2595 φαίνεται,
531 2497 604 2570 ἄλλ’
632 2499 649 2568 δ
673 2502 733 2584 μὲν
755 2504 918 2590 Ξενοκλῆς
940 2501 1028 2591 πρὸς
1048 2502 1129 2583 τοὺς
1145 2503 1216 2573 ἐπι·

143 2609 301 2693 τυχόντας
317 2607 375 2673 δύο
391 2603 718 2694 ἐκμαρτύρησάμενος
731 2601 792 2692 τήν
808 2609 992 2692 μαρτυρίαν
1006 2605 1140 2695 ταύτην,
1157 2614 1216 2674 Νι·

144 2710 286 2798 κόδημος
309 2708 345 2774 δέ
368 2703 481 2773 ούτοσὶ
505 2693 566 2794 [ῆν]
590 2705 647 2773 ἕνα
674 2705 777 2790 μόνον
804 2704 955 2793 μάρτυρα
982 2711 1217 2793 παρακαλέσας

144 2805 225 2896 μεθ’
253 2809 371 2877 ἑαυτοῦ
393 2811 440 2894 τη]
462 2804 520 2874 τὸν
542 2807 758 2893 τριτάλαντον
782 2803 871 2874 οἶκον
898 2813 1083 2897 κεκτημένῳ
1106 2808 1217 2898 ἐγγυῆ-

95 2927 132 2984 26
146 2919 204 2981 σαί
219 2934 304 3001 φησι
319 2908 378 2997 τήν
394 2903 551 2998 ἀδελφήν.
579 2913 635 2978 καὶ
651 2905 747 2987 οὗτος
757 2909 817 2994 μὲν
832 2907 891 2976 τόν
905 2910 1093 3000 Πυρετίδην
1107 2911 1216 2996 μόνον,

146 3009 203 3097 ούχ
225 3010 465 3099 ὁμολογοῦντα,
495 3011 771 3100 προσεποιήσατο
800 3004 874 3094 μετ’
907 3005 1009 3078 αύτού
1035 3016 1217 3101 παραγενέ-

147 3121 248 3183 σθαι·
276 3111 343 3182 ὑπὸ
376 3115 411 3182 δὲ
439 3118 499 3184 τού
527 3112 757 3202 ἐγγυήσασθαι
781 3114 960 3197 μέλλοντος
980 3110 1040 3199 τῆν
1061 3113 1217 3202 τοιαύτην

145 3221 340 3307 Λυσιμένης
362 3220 418 3284 καὶ
442 3219 473 3285 οί
497 3210 637 3306 άδελφοὶ
661 3210 779 3295 αὐτοῦ,
808 3219 948 3302 Χαίρων
970 3215 1026 3281 καὶ
1048 3214 1216 3304 Πυλάδης,

213 3418 348 3488 22.3ούχ
360 3440 422 3476 corr.
437 3429 459 3490 ι,
477 3417 517 3477 ού.
529 3417 750 3488 γτ.-5ί’νθιν;
769 3433 818 3470 em.
829 3413 1116 3484 ΒΙι.-6του’τ..ρε.,
1128 3419 1216 3473 comi

145 3504 504 3578 -9ίγγὺε1λίντ.;εύθύε.
584 3503 629 3559 28.
649 3506 664 3555 3
683 3519 757 3571 φησι.
775 3517 812 3568 pr.
835 3531 871 3542 -··
893 3506 907 3554 7
925 3499 995 3571 μετὰ
1011 3501 1085 3556 obn:
1109 3503 1162 3569 μέν
1177 3500 1219 3555 τὰ.

213 3590 258 3647 24.
277 3596 293 3646 4
311 3590 349 3646 οίτ
365 3611 397 3663 γε
413 3591 552 3654 Μεσίτοετ,
571 3582 618 3643 ότι
632 3587 731 3654 δίερίι,
750 3572 815 3658 ήγε
827 3587 897 3653 ΒεΙι,
915 3587 943 3638 εἴ
953 3605 984 3658 γε
996 3602 1118 3654 anonym,
1137 3581 1218 3641 όπύτι

148 3677 272 3730 θεοοεεεε
293 3669 365 3730 ὥστε
387 3705 419 3716 -
446 3679 460 3728 5
479 3668 512 3726 ὃν
530 3688 594 3726 corr.
615 3665 689 3736 1,“.ν
707 3688 745 3739 pr.
768 3700 801 3712 -
824 3677 839 3726 6
857 3668 908 3738 τὴν
926 3671 1023 3725 ἑαυτοῦ
1041 3687 1105 3727 corr.
1126 3675 1149 3738 1,
1166 3686 1218 3724 τοι·

147 3762 229 3815 αυτοῦ
247 3777 305 3816 cum
322 3775 372 3814 ras.
384 3776 405 3813 ε.
418 3776 435 3811 τ
450 3762 460 3811 ἱ
475 3774 527 3825 pn:
545 3757 575 3811 ss.
593 3753 644 3822 τῆν
656 3753 762 3811 τούτου.
813 3754 893 3811 25..4
911 3756 940 3809 ft.
958 3752 1218 3825 ίκμαρτυρήσασθαι

146 3877 178 3887 -
198 3851 213 3900 5
230 3834 266 3912 ἦν
283 3844 332 3897 del.
351 3844 414 3900 Rsk.
481 3841 526 3896 26.
545 3845 561 3894 4
580 3839 608 3892 οἱ
624 3856 688 3894 corr.
706 3844 730 3904 2,
749 3835 766 3903 ή
784 3855 822 3906 pr.
