<?xml version="1.0" encoding="UTF-8"?>
<!DOCTYPE html PUBLIC "-//W3C//DTD XHTML 1.0 Transitional//EN"
    "http://www.w3.org/TR/xhtml1/DTD/xhtml1-transitional.dtd">
<html xmlns="http://www.w3.org/1999/xhtml" xml:lang="en" lang="en">
 <head>
  <title>
</title>
<meta http-equiv="Content-Type" content="text/html;charset=utf-8" />
  <meta name='ocr-system' content='tesseract 3.04.00' />
  <meta name='ocr-capabilities' content='ocr_page ocr_carea ocr_par ocr_line ocrx_word'/>
</head>
<body>
  <div class='ocr_page' id='page_1' title='image "./isaeiorationesc00buergoog_0126.png"; bbox 0 0 2626 4476; ppageno 0'>
   <div class='ocr_carea' id='block_1_1' title="bbox 89 234 1168 308">
    <p class='ocr_par' dir='ltr' id='par_1_1' title="bbox 89 234 1168 308">
     <span class='ocr_line' id='line_1_1' title="bbox 89 234 1168 308; baseline 0.011 -22"><span class='ocrx_word' id='word_1_1' title='bbox 89 264 113 308; x_wconf 60' lang='lat'><strong><em>9,</em></strong></span> <span class='ocrx_word' id='word_1_2' title='bbox 128 254 161 296; x_wconf 69' lang='lat' dir='ltr'><strong><em>u,</em></strong></span> <span class='ocrx_word' id='word_1_3' title='bbox 390 234 467 287; x_wconf 85' lang='grc' dir='ltr'><strong>ΠΕΡΙ</strong></span> <span class='ocrx_word' id='word_1_4' title='bbox 483 235 547 289; x_wconf 88' lang='grc' dir='ltr'><strong><em>ΤΟΥ</em></strong></span> <span class='ocrx_word' id='word_1_5' title='bbox 564 234 705 289; x_wconf 80' lang='grc' dir='ltr'><strong>ΚΙΡΩΝΟΣ</strong></span> <span class='ocrx_word' id='word_1_6' title='bbox 723 237 861 291; x_wconf 82' lang='grc' dir='ltr'><strong>ΚΛΗΡΟΥ.</strong></span> <span class='ocrx_word' id='word_1_7' title='bbox 1107 237 1168 301; x_wconf 71' lang='grc'><strong><em>105</em></strong></span> 
     </span>
    </p>
   </div>
   <div class='ocr_carea' id='block_1_2' title="bbox 90 392 1222 3250">
    <p class='ocr_par' dir='ltr' id='par_1_2' title="bbox 90 392 1222 1621">
     <span class='ocr_line' id='line_1_2' title="bbox 91 392 1169 497; baseline 0.004 -25"><span class='ocrx_word' id='word_1_8' title='bbox 91 405 217 490; x_wconf 80' lang='grc' dir='ltr'><strong><em>έχομεν,</em></strong></span> <span class='ocrx_word' id='word_1_9' title='bbox 246 403 362 487; x_wconf 87' lang='grc' dir='ltr'><strong><em>σχεδόν</em></strong></span> <span class='ocrx_word' id='word_1_10' title='bbox 389 429 423 470; x_wconf 88' lang='grc' dir='ltr'><strong><em>τι</em></strong></span> <span class='ocrx_word' id='word_1_11' title='bbox 449 397 544 471; x_wconf 78' lang='grc' dir='ltr'><strong><em>ταῦτ’</em></strong></span> <span class='ocrx_word' id='word_1_12' title='bbox 571 403 670 487; x_wconf 74' lang='grc' dir='ltr'><strong><em>ἐστίν,</em></strong></span> <span class='ocrx_word' id='word_1_13' title='bbox 700 392 726 470; x_wconf 90' lang='grc' dir='ltr'><strong><em>ῶ</em></strong></span> <span class='ocrx_word' id='word_1_14' title='bbox 757 401 887 493; x_wconf 86' lang='grc' dir='ltr'><strong><em>ἀνδρες·</em></strong></span> <span class='ocrx_word' id='word_1_15' title='bbox 918 407 948 474; x_wconf 83' lang='grc' dir='ltr'><strong><em>εί</em></strong></span> <span class='ocrx_word' id='word_1_16' title='bbox 970 407 1006 474; x_wconf 77' lang='grc' dir='ltr'><strong><em>δέ</em></strong></span> <span class='ocrx_word' id='word_1_17' title='bbox 1029 407 1169 497; x_wconf 76' lang='grc' dir='ltr'><strong><em>εἰδείητε</em></strong></span> 
     </span>
     <span class='ocr_line' id='line_1_3' title="bbox 91 499 1168 595; baseline 0.005 -23"><span class='ocrx_word' id='word_1_18' title='bbox 91 505 152 594; x_wconf 85' lang='grc' dir='ltr'><strong><em>τήν</em></strong></span> <span class='ocrx_word' id='word_1_19' title='bbox 166 506 348 582; x_wconf 82' lang='grc' dir='ltr'><strong><em>Διοκλέους</em></strong></span> <span class='ocrx_word' id='word_1_20' title='bbox 371 499 615 592; x_wconf 89' lang='grc' dir='ltr'><strong><em>ἀναισχυντίαν,</em></strong></span> <span class='ocrx_word' id='word_1_21' title='bbox 636 509 787 595; x_wconf 80' lang='grc' dir='ltr'><strong><em>καὶπερὶ</em></strong></span> <span class='ocrx_word' id='word_1_22' title='bbox 808 507 851 573; x_wconf 86' lang='grc' dir='ltr'><strong><em>τὰ</em></strong></span> <span class='ocrx_word' id='word_1_23' title='bbox 866 503 952 575; x_wconf 85' lang='grc' dir='ltr'><strong><em>ἀλλα</em></strong></span> <span class='ocrx_word' id='word_1_24' title='bbox 975 508 1046 587; x_wconf 83' lang='grc' dir='ltr'><strong><em>οἷός</em></strong></span> <span class='ocrx_word' id='word_1_25' title='bbox 1069 508 1168 593; x_wconf 75' lang='grc' dir='ltr'><strong><em>ἐστιν,</em></strong></span> 
     </span>
     <span class='ocr_line' id='line_1_4' title="bbox 92 598 1167 701; baseline 0.003 -25"><span class='ocrx_word' id='word_1_26' title='bbox 92 603 151 676; x_wconf 76' lang='grc' dir='ltr'><strong><em>οὐκ</em></strong></span> <span class='ocrx_word' id='word_1_27' title='bbox 166 598 207 676; x_wconf 84' lang='grc' dir='ltr'><strong><em>ἀν</em></strong></span> <span class='ocrx_word' id='word_1_28' title='bbox 228 601 456 696; x_wconf 89' lang='grc' dir='ltr'><strong><em>ἀπιστήσαιτε</em></strong></span> <span class='ocrx_word' id='word_1_29' title='bbox 475 612 542 676; x_wconf 90' lang='grc' dir='ltr'><strong><em>τῶν</em></strong></span> <span class='ocrx_word' id='word_1_30' title='bbox 558 608 738 698; x_wconf 76' lang='grc' dir='ltr'><strong><em>εἰρημένων</em></strong></span> <span class='ocrx_word' id='word_1_31' title='bbox 754 603 875 678; x_wconf 83' lang='grc' dir='ltr'><strong><em>οάδενί.</em></strong></span> <span class='ocrx_word' id='word_1_32' title='bbox 913 605 1009 689; x_wconf 84' lang='grc' dir='ltr'><strong><em>οὗτος</em></strong></span> <span class='ocrx_word' id='word_1_33' title='bbox 1030 611 1167 701; x_wconf 75' lang='grc' dir='ltr'><strong><em>μὲνγὰρ</em></strong></span> 
     </span>
     <span class='ocr_line' id='line_1_5' title="bbox 92 704 1167 803; baseline 0.005 -26"><span class='ocrx_word' id='word_1_34' title='bbox 92 711 159 794; x_wconf 72' lang='grc' dir='ltr'><strong><em>’ἔχει</em></strong></span> <span class='ocrx_word' id='word_1_35' title='bbox 187 709 248 799; x_wconf 84' lang='grc' dir='ltr'><strong><em>τήν</em></strong></span> <span class='ocrx_word' id='word_1_36' title='bbox 276 704 403 793; x_wconf 76' lang='grc' dir='ltr'><strong><em>οὐσίαν,</em></strong></span> <span class='ocrx_word' id='word_1_37' title='bbox 440 704 501 798; x_wconf 74' lang='grc' dir='ltr'><strong><em>ἀφ’</em></strong></span> <span class='ocrx_word' id='word_1_38' title='bbox 526 705 565 799; x_wconf 86' lang='grc' dir='ltr'><strong><em>ής</em></strong></span> <span class='ocrx_word' id='word_1_39' title='bbox 594 715 651 779; x_wconf 85' lang='grc' dir='ltr'><strong><em>νύν</em></strong></span> <span class='ocrx_word' id='word_1_40' title='bbox 680 710 751 780; x_wconf 75' lang='grc' dir='ltr'><strong><em>ἐστι</em></strong></span> <span class='ocrx_word' id='word_1_41' title='bbox 779 713 934 798; x_wconf 86' lang='grc' dir='ltr'><strong><em>λαμπρός</em></strong></span> <span class='ocrx_word' id='word_1_42' title='bbox 940 766 949 796; x_wconf 87' lang='grc'><strong><em>,</em></strong></span> <span class='ocrx_word' id='word_1_43' title='bbox 979 708 1167 803; x_wconf 85' lang='grc' dir='ltr'><strong><em>ἀλλοτρίαν,</em></strong></span> 
     </span>
     <span class='ocr_line' id='line_1_6' title="bbox 92 808 1169 905; baseline 0.004 -25"><span class='ocrx_word' id='word_1_44' title='bbox 92 808 248 902; x_wconf 75' lang='grc' dir='ltr'><strong><em>ἀδελφῶν</em></strong></span> <span class='ocrx_word' id='word_1_45' title='bbox 275 817 377 902; x_wconf 81' lang='grc' dir='ltr'><strong><em>τριῶν</em></strong></span> <span class='ocrx_word' id='word_1_46' title='bbox 407 810 619 902; x_wconf 81' lang='grc' dir='ltr'><strong><em>ὁμομητρίων</em></strong></span> <span class='ocrx_word' id='word_1_47' title='bbox 655 812 842 903; x_wconf 73' lang='grc' dir='ltr'><strong><em>ἐπικλήρων</em></strong></span> <span class='ocrx_word' id='word_1_48' title='bbox 875 819 1169 905; x_wconf 72' lang='grc' dir='ltr'><strong><em>καταλειφδεισῶν</em></strong></span> 
     </span>
     <span class='ocr_line' id='line_1_7' title="bbox 93 909 1169 1007; baseline 0.004 -24"><span class='ocrx_word' id='word_1_49' title='bbox 93 913 194 984; x_wconf 73' lang='grc' dir='ltr'><strong><em>αὑτὸν</em></strong></span> <span class='ocrx_word' id='word_1_50' title='bbox 214 920 264 1003; x_wconf 76' lang='grc' dir='ltr'><strong><em>τῷ</em></strong></span> <span class='ocrx_word' id='word_1_51' title='bbox 285 919 392 1004; x_wconf 82' lang='grc' dir='ltr'><strong><em>πατρί</em></strong></span> <span class='ocrx_word' id='word_1_52' title='bbox 414 909 523 983; x_wconf 87' lang='grc' dir='ltr'><strong><em>αύτῶν</em></strong></span> <span class='ocrx_word' id='word_1_53' title='bbox 539 917 748 1005; x_wconf 85' lang='grc' dir='ltr'><strong><em>εἰσποιήσας,</em></strong></span> <span class='ocrx_word' id='word_1_54' title='bbox 773 912 932 1002; x_wconf 77' lang='grc' dir='ltr'><strong><em>οὐδεμίαν</em></strong></span> <span class='ocrx_word' id='word_1_55' title='bbox 947 918 1071 987; x_wconf 79' lang='grc' dir='ltr'><strong><em>ἐκείνου</em></strong></span> <span class='ocrx_word' id='word_1_56' title='bbox 1089 923 1169 1007; x_wconf 85' lang='grc' dir='ltr'><strong><em>περὶ</em></strong></span> 
     </span>
     <span class='ocr_line' id='line_1_8' title="bbox 90 1015 1222 1110; baseline 0.005 -26"><span class='ocrx_word' id='word_1_57' title='bbox 90 1018 218 1086; x_wconf 92' lang='grc' dir='ltr'><strong><em>τούτων</em></strong></span> <span class='ocrx_word' id='word_1_58' title='bbox 244 1024 475 1106; x_wconf 81' lang='grc' dir='ltr'><strong><em>ποιησαμένου</em></strong></span> <span class='ocrx_word' id='word_1_59' title='bbox 503 1018 678 1109; x_wconf 76' lang='grc' dir='ltr'><strong><em>διαθήκην.</em></strong></span> <span class='ocrx_word' id='word_1_60' title='bbox 733 1034 807 1088; x_wconf 88' lang='grc' dir='ltr'><strong><em>τοῖν</em></strong></span> <span class='ocrx_word' id='word_1_61' title='bbox 836 1015 868 1086; x_wconf 74' lang='grc' dir='ltr'><strong><em>δ’</em></strong></span> <span class='ocrx_word' id='word_1_62' title='bbox 901 1015 1065 1110; x_wconf 76' lang='grc' dir='ltr'><strong><em>ἀδελφοῖν</em></strong></span> <span class='ocrx_word' id='word_1_63' title='bbox 1095 1036 1168 1090; x_wconf 86' lang='grc' dir='ltr'><strong><em>τοῖν</em></strong></span> <span class='ocrx_word' id='word_1_64' title='bbox 1185 1033 1222 1090; x_wconf 81' lang='lat'><strong><em>41</em></strong></span> 
     </span>
     <span class='ocr_line' id='line_1_9' title="bbox 93 1119 1168 1211; baseline 0 -21"><span class='ocrx_word' id='word_1_65' title='bbox 93 1123 187 1190; x_wconf 90' lang='grc' dir='ltr'><strong><em>δυοῖν</em></strong></span> <span class='ocrx_word' id='word_1_66' title='bbox 208 1119 325 1211; x_wconf 84' lang='grc' dir='ltr'><strong><em>έπειδή</em></strong></span> <span class='ocrx_word' id='word_1_67' title='bbox 349 1119 391 1187; x_wconf 83' lang='grc' dir='ltr'><strong><em>τὰ</em></strong></span> <span class='ocrx_word' id='word_1_68' title='bbox 410 1121 565 1210; x_wconf 87' lang='grc' dir='ltr'><strong><em>χρήματα</em></strong></span> <span class='ocrx_word' id='word_1_69' title='bbox 587 1122 825 1210; x_wconf 76' lang='grc' dir='ltr'><strong><em>εἰσεπράττετο</em></strong></span> <span class='ocrx_word' id='word_1_70' title='bbox 847 1119 913 1191; x_wconf 79' lang='grc' dir='ltr'><strong><em>ὑπὸ</em></strong></span> <span class='ocrx_word' id='word_1_71' title='bbox 938 1128 1005 1190; x_wconf 89' lang='grc' dir='ltr'><strong><em>τῶν</em></strong></span> <span class='ocrx_word' id='word_1_72' title='bbox 1028 1122 1168 1203; x_wconf 72' lang='grc' dir='ltr'><strong><em>ἐκείναις</em></strong></span> 
     </span>
     <span class='ocr_line' id='line_1_10' title="bbox 93 1222 1169 1316; baseline 0.004 -26"><span class='ocrx_word' id='word_1_73' title='bbox 93 1224 342 1309; x_wconf 85' lang='grc' dir='ltr'><strong><em>συνοικούντων,</em></strong></span> <span class='ocrx_word' id='word_1_74' title='bbox 369 1223 428 1291; x_wconf 89' lang='grc' dir='ltr'><strong><em>τὸν</em></strong></span> <span class='ocrx_word' id='word_1_75' title='bbox 450 1222 568 1308; x_wconf 80' lang='grc' dir='ltr'><strong><em>μὲν</em></strong></span> <span class='ocrx_word' id='word_1_76' title='bbox 532 1250 591 1312; x_wconf 90' lang='grc' dir='ltr'><strong><em>την</em></strong></span> <span class='ocrx_word' id='word_1_77' title='bbox 619 1226 891 1315; x_wconf 78' lang='grc' dir='ltr'><strong><em>πρεσβυτέραν”</em></strong></span> <span class='ocrx_word' id='word_1_78' title='bbox 874 1252 990 1310; x_wconf 88' lang='grc' dir='ltr'><strong><em>εχοντα</em></strong></span> <span class='ocrx_word' id='word_1_79' title='bbox 1017 1253 1169 1316; x_wconf 86' lang='grc' dir='ltr'><strong><em>κατοικο-</em></strong></span> 
     </span>
     <span class='ocr_line' id='line_1_11' title="bbox 93 1313 1170 1429; baseline 0.002 -36"><span class='ocrx_word' id='word_1_80' title='bbox 93 1326 242 1415; x_wconf 88' lang='grc' dir='ltr'><strong><em>δομήσας</em></strong></span> <span class='ocrx_word' id='word_1_81' title='bbox 267 1328 324 1393; x_wconf 82' lang='grc' dir='ltr'><strong><em>καί</em></strong></span> <span class='ocrx_word' id='word_1_82' title='bbox 354 1321 635 1410; x_wconf 77' lang='grc' dir='ltr'><strong><em>ἐπιβουλεύσας</em></strong></span> <span class='ocrx_word' id='word_1_83' title='bbox 617 1353 658 1414; x_wconf 92' lang='grc' dir='ltr'><strong><em>ητ</em></strong></span> <span class='ocrx_word' id='word_1_84' title='bbox 660 1333 779 1411; x_wconf 90' lang='grc' dir='ltr'><strong><em>ί,μωσε</em></strong></span> <span class='ocrx_word' id='word_1_85' title='bbox 809 1331 865 1395; x_wconf 84' lang='grc' dir='ltr'><strong><em>καλ</em></strong></span> <span class='ocrx_word' id='word_1_86' title='bbox 891 1327 1022 1418; x_wconf 70' lang='grc' dir='ltr'><strong><em>γραφήν</em></strong></span> <span class='ocrx_word' id='word_1_87' title='bbox 1043 1313 1170 1429; x_wconf 79' lang='grc' dir='ltr'><strong><em>ύβρεως</em></strong></span> 
     </span>
     <span class='ocr_line' id='line_1_12' title="bbox 90 1421 1168 1519; baseline 0.004 -25"><span class='ocrx_word' id='word_1_88' title='bbox 90 1431 233 1517; x_wconf 74' lang='grc' dir='ltr'><strong><em>γραφεὶς</em></strong></span> <span class='ocrx_word' id='word_1_89' title='bbox 255 1421 389 1495; x_wconf 87' lang='grc' dir='ltr'><strong><em>ούδέπω</em></strong></span> <span class='ocrx_word' id='word_1_90' title='bbox 403 1427 530 1495; x_wconf 90' lang='grc' dir='ltr'><strong><em>τούτων</em></strong></span> <span class='ocrx_word' id='word_1_91' title='bbox 546 1429 580 1494; x_wconf 90' lang='grc' dir='ltr'><strong><em>δί</em></strong></span> <span class='ocrx_word' id='word_1_92' title='bbox 567 1434 639 1517; x_wconf 90' lang='grc' dir='ltr'><strong><em>ίκην</em></strong></span> <span class='ocrx_word' id='word_1_93' title='bbox 662 1429 792 1511; x_wconf 87' lang='grc' dir='ltr'><strong><em>δέδωκε,</em></strong></span> <span class='ocrx_word' id='word_1_94' title='bbox 815 1434 874 1517; x_wconf 86' lang='grc' dir='ltr'><strong><em>τής</em></strong></span> <span class='ocrx_word' id='word_1_95' title='bbox 894 1431 930 1496; x_wconf 80' lang='grc' dir='ltr'><strong><em>δέ</em></strong></span> <span class='ocrx_word' id='word_1_96' title='bbox 951 1456 1012 1514; x_wconf 86' lang='grc' dir='ltr'><strong><em>μετ</em></strong></span> <span class='ocrx_word' id='word_1_97' title='bbox 1014 1423 1168 1519; x_wconf 76' lang='grc' dir='ltr'><strong><em>ἐκείνην</em></strong></span> 
     </span>
     <span class='ocr_line' id='line_1_13' title="bbox 90 1524 1169 1621; baseline 0.003 -24"><span class='ocrx_word' id='word_1_98' title='bbox 90 1535 267 1618; x_wconf 77' lang='grc' dir='ltr'><strong><em>γενομένης</em></strong></span> <span class='ocrx_word' id='word_1_99' title='bbox 286 1529 346 1597; x_wconf 90' lang='grc' dir='ltr'><strong><em>τδν</em></strong></span> <span class='ocrx_word' id='word_1_100' title='bbox 369 1524 514 1617; x_wconf 81' lang='grc' dir='ltr'><strong><em>ἀνδρα</em></strong></span> <span class='ocrx_word' id='word_1_101' title='bbox 496 1543 693 1598; x_wconf 81' lang='grc' dir='ltr'><strong><em>ἀποκτεῖναι</em></strong></span> <span class='ocrx_word' id='word_1_102' title='bbox 713 1531 870 1610; x_wconf 85' lang='grc' dir='ltr'><strong><em>κελεύσας</em></strong></span> <span class='ocrx_word' id='word_1_103' title='bbox 896 1531 1060 1621; x_wconf 76' lang='grc' dir='ltr'><strong><em>οἰκέτην’</em></strong></span> <span class='ocrx_word' id='word_1_104' title='bbox 1045 1546 1169 1600; x_wconf 86' lang='grc' dir='ltr'><strong><em>εκεῖνον</em></strong></span> 
     </span>
    </p>

    <p class='ocr_par' dir='ltr' id='par_1_3' title="bbox 90 1626 1219 2335">
     <span class='ocr_line' id='line_1_14' title="bbox 91 1626 1219 1723; baseline 0.002 -23"><span class='ocrx_word' id='word_1_105' title='bbox 91 1659 115 1716; x_wconf 92' lang='grc' dir='ltr'><strong><em>μ</em></strong></span> <span class='ocrx_word' id='word_1_106' title='bbox 119 1630 401 1718; x_wconf 79' lang='grc' dir='ltr'><strong><em>ὲνεξέπεμψε,</em></strong></span> <span class='ocrx_word' id='word_1_107' title='bbox 364 1658 424 1720; x_wconf 89' lang='grc' dir='ltr'><strong><em>την</em></strong></span> <span class='ocrx_word' id='word_1_108' title='bbox 440 1626 471 1698; x_wconf 91' lang='grc' dir='ltr'><strong><em>δ</em></strong></span> <span class='ocrx_word' id='word_1_109' title='bbox 491 1632 601 1700; x_wconf 82' lang='grc' dir='ltr'><strong><em>αἰτίαν</em></strong></span> <span class='ocrx_word' id='word_1_110' title='bbox 618 1632 715 1712; x_wconf 82' lang='grc' dir='ltr'><strong><em>εἰς</em></strong></span> <span class='ocrx_word' id='word_1_111' title='bbox 680 1658 740 1721; x_wconf 87' lang='grc' dir='ltr'><strong><em>την</em></strong></span> <span class='ocrx_word' id='word_1_112' title='bbox 756 1627 937 1723; x_wconf 85' lang='grc' dir='ltr'><strong><em>ἀδελφήν’</em></strong></span> <span class='ocrx_word' id='word_1_113' title='bbox 920 1647 1050 1719; x_wconf 86' lang='grc' dir='ltr'><strong><em>ετρεψε,</em></strong></span> <span class='ocrx_word' id='word_1_114' title='bbox 1066 1661 1167 1702; x_wconf 79' lang='grc' dir='ltr'><strong><em>κατα·</em></strong></span> <span class='ocrx_word' id='word_1_115' title='bbox 1181 1645 1219 1702; x_wconf 63' lang='lat' dir='ltr'><strong>fi</strong></span> 
     </span>
     <span class='ocr_line' id='line_1_15' title="bbox 90 1731 1168 1827; baseline 0.006 -26"><span class='ocrx_word' id='word_1_116' title='bbox 90 1734 224 1824; x_wconf 82' lang='grc' dir='ltr'><strong><em>πλήξας</em></strong></span> <span class='ocrx_word' id='word_1_117' title='bbox 246 1735 282 1802; x_wconf 78' lang='grc' dir='ltr'><strong><em>δέ</em></strong></span> <span class='ocrx_word' id='word_1_118' title='bbox 302 1747 378 1814; x_wconf 87' lang='grc' dir='ltr'><strong><em>ταῖς</em></strong></span> <span class='ocrx_word' id='word_1_119' title='bbox 399 1731 503 1802; x_wconf 83' lang='grc' dir='ltr'><strong><em>αύτού</em></strong></span> <span class='ocrx_word' id='word_1_120' title='bbox 522 1736 714 1824; x_wconf 77' lang='grc' dir='ltr'><strong><em>βδελυρίαις</em></strong></span> <span class='ocrx_word' id='word_1_121' title='bbox 736 1737 998 1827; x_wconf 84' lang='grc' dir='ltr'><strong><em>προσαφήρηται</em></strong></span> <span class='ocrx_word' id='word_1_122' title='bbox 1015 1738 1074 1806; x_wconf 88' lang='grc' dir='ltr'><strong><em>τὸν</em></strong></span> <span class='ocrx_word' id='word_1_123' title='bbox 1095 1738 1168 1807; x_wconf 83' lang='grc' dir='ltr'><strong><em>υλδν</em></strong></span> 
     </span>
     <span class='ocr_line' id='line_1_16' title="bbox 92 1830 1168 1928; baseline 0.005 -24"><span class='ocrx_word' id='word_1_124' title='bbox 92 1831 196 1904; x_wconf 80' lang='grc' dir='ltr'><strong><em>αὐτοῦ</em></strong></span> <span class='ocrx_word' id='word_1_125' title='bbox 222 1835 282 1926; x_wconf 87' lang='grc' dir='ltr'><strong><em>τήν</em></strong></span> <span class='ocrx_word' id='word_1_126' title='bbox 304 1830 422 1905; x_wconf 86' lang='grc' dir='ltr'><strong><em>ούσίαν</em></strong></span> <span class='ocrx_word' id='word_1_127' title='bbox 445 1835 707 1925; x_wconf 73' lang='grc' dir='ltr'><strong><em>ἐπιτροπεύσας,</em></strong></span> <span class='ocrx_word' id='word_1_128' title='bbox 736 1842 793 1906; x_wconf 80' lang='grc' dir='ltr'><strong><em>καί</em></strong></span> <span class='ocrx_word' id='word_1_129' title='bbox 820 1845 949 1924; x_wconf 76' lang='grc' dir='ltr'><strong><em>κατέχει</em></strong></span> <span class='ocrx_word' id='word_1_130' title='bbox 975 1839 1035 1908; x_wconf 87' lang='grc' dir='ltr'><strong><em>τὸν</em></strong></span> <span class='ocrx_word' id='word_1_131' title='bbox 1058 1835 1168 1928; x_wconf 79' lang='grc' dir='ltr'><strong><em>ἀγρόν,</em></strong></span> 
     </span>
     <span class='ocr_line' id='line_1_17' title="bbox 92 1935 1169 2028; baseline 0.004 -21"><span class='ocrx_word' id='word_1_132' title='bbox 92 1940 218 2028; x_wconf 86' lang='grc' dir='ltr'><strong><em>φελλέα</em></strong></span> <span class='ocrx_word' id='word_1_133' title='bbox 248 1939 285 2006; x_wconf 80' lang='grc' dir='ltr'><strong><em>δὲ</em></strong></span> <span class='ocrx_word' id='word_1_134' title='bbox 314 1938 431 2028; x_wconf 82' lang='grc' dir='ltr'><strong><em>[χωρία</em></strong></span> <span class='ocrx_word' id='word_1_135' title='bbox 461 1935 555 2028; x_wconf 86' lang='grc' dir='ltr'><strong><em>ἀττα]</em></strong></span> <span class='ocrx_word' id='word_1_136' title='bbox 584 1939 698 2027; x_wconf 79' lang='grc' dir='ltr'><strong><em>ἐκείνῳ</em></strong></span> <span class='ocrx_word' id='word_1_137' title='bbox 722 1941 853 2008; x_wconf 85' lang='grc' dir='ltr'><strong><em>δέδωκε.</em></strong></span> <span class='ocrx_word' id='word_1_138' title='bbox 904 1944 961 2009; x_wconf 83' lang='grc' dir='ltr'><strong><em>καὶ</em></strong></span> <span class='ocrx_word' id='word_1_139' title='bbox 988 1946 1093 2009; x_wconf 79' lang='grc' dir='ltr'><strong><em>ταῦτα</em></strong></span> <span class='ocrx_word' id='word_1_140' title='bbox 1115 1937 1169 2011; x_wconf 79' lang='grc' dir='ltr'><strong><em>ὅτι</em></strong></span> 
     </span>
     <span class='ocr_line' id='line_1_18' title="bbox 92 2035 1168 2132; baseline 0.002 -23"><span class='ocrx_word' id='word_1_141' title='bbox 92 2037 206 2131; x_wconf 78' lang='grc' dir='ltr'><strong><em>ἀληθῆ</em></strong></span> <span class='ocrx_word' id='word_1_142' title='bbox 228 2043 322 2129; x_wconf 79' lang='grc' dir='ltr'><strong><em>λέγω,</em></strong></span> <span class='ocrx_word' id='word_1_143' title='bbox 347 2042 479 2109; x_wconf 90' lang='grc' dir='ltr'><strong><em>δεδίασι</em></strong></span> <span class='ocrx_word' id='word_1_144' title='bbox 500 2043 561 2126; x_wconf 83' lang='grc' dir='ltr'><strong><em>μέν</em></strong></span> <span class='ocrx_word' id='word_1_145' title='bbox 577 2035 688 2124; x_wconf 78' lang='grc' dir='ltr'><strong><em>αὐτόν,</em></strong></span> <span class='ocrx_word' id='word_1_146' title='bbox 712 2043 795 2121; x_wconf 79' lang='grc' dir='ltr'><strong><em>ἰ’σως</em></strong></span> <span class='ocrx_word' id='word_1_147' title='bbox 818 2036 850 2109; x_wconf 79' lang='grc' dir='ltr'><strong><em>δ’</em></strong></span> <span class='ocrx_word' id='word_1_148' title='bbox 870 2039 910 2111; x_wconf 82' lang='grc' dir='ltr'><strong><em>ἀν</em></strong></span> <span class='ocrx_word' id='word_1_149' title='bbox 932 2069 991 2128; x_wconf 92' lang='grc' dir='ltr'><strong><em>μοι</em></strong></span> <span class='ocrx_word' id='word_1_150' title='bbox 1004 2047 1061 2111; x_wconf 79' lang='grc' dir='ltr'><strong><em>καὶ</em></strong></span> <span class='ocrx_word' id='word_1_151' title='bbox 1082 2069 1168 2132; x_wconf 90' lang='grc' dir='ltr'><strong><em>μαρ-</em></strong></span> 
     </span>
     <span class='ocr_line' id='line_1_19' title="bbox 91 2143 1170 2233; baseline 0.002 -22"><span class='ocrx_word' id='word_1_152' title='bbox 91 2147 232 2233; x_wconf 82' lang='grc' dir='ltr'><strong><em>τυρήσαι</em></strong></span> <span class='ocrx_word' id='word_1_153' title='bbox 246 2144 444 2232; x_wconf 70' lang='grc' dir='ltr'><strong><em>θελήσειαν·</em></strong></span> <span class='ocrx_word' id='word_1_154' title='bbox 468 2143 498 2210; x_wconf 85' lang='grc' dir='ltr'><strong><em>εί</em></strong></span> <span class='ocrx_word' id='word_1_155' title='bbox 513 2143 550 2210; x_wconf 81' lang='grc' dir='ltr'><strong><em>δὲ</em></strong></span> <span class='ocrx_word' id='word_1_156' title='bbox 565 2143 621 2232; x_wconf 89' lang='grc' dir='ltr'><strong><em>μή,</em></strong></span> <span class='ocrx_word' id='word_1_157' title='bbox 639 2143 718 2222; x_wconf 81' lang='grc' dir='ltr'><strong><em>τούς</em></strong></span> <span class='ocrx_word' id='word_1_158' title='bbox 733 2145 865 2222; x_wconf 82' lang='grc' dir='ltr'><strong><em>εἰδότας</em></strong></span> <span class='ocrx_word' id='word_1_159' title='bbox 879 2145 1069 2233; x_wconf 85' lang='grc' dir='ltr'><strong><em>παρέξομαι</em></strong></span> <span class='ocrx_word' id='word_1_160' title='bbox 1083 2145 1170 2232; x_wconf 86' lang='grc' dir='ltr'><strong><em>μύρ-</em></strong></span> 
     </span>
     <span class='ocr_line' id='line_1_20' title="bbox 91 2240 940 2335; baseline 0.001 -21"><span class='ocrx_word' id='word_1_161' title='bbox 91 2270 202 2335; x_wconf 89' lang='grc' dir='ltr'><strong><em>τυρας.</em></strong></span> <span class='ocrx_word' id='word_1_162' title='bbox 248 2252 318 2313; x_wconf 81' lang='grc' dir='ltr'><strong><em>Καί</em></strong></span> <span class='ocrx_word' id='word_1_163' title='bbox 337 2271 397 2329; x_wconf 94' lang='grc' dir='ltr'><strong><em>μοι</em></strong></span> <span class='ocrx_word' id='word_1_164' title='bbox 418 2245 511 2313; x_wconf 83' lang='grc' dir='ltr'><strong><em>κάλει</em></strong></span> <span class='ocrx_word' id='word_1_165' title='bbox 534 2245 630 2331; x_wconf 85' lang='grc' dir='ltr'><strong><em>δεύρο</em></strong></span> <span class='ocrx_word' id='word_1_166' title='bbox 655 2240 774 2325; x_wconf 83' lang='grc' dir='ltr'><strong><em>αύτούς</em></strong></span> <span class='ocrx_word' id='word_1_167' title='bbox 796 2251 940 2334; x_wconf 85' lang='grc' dir='ltr'><strong><em>πρῶτον.</em></strong></span> 
     </span>
    </p>

    <p class='ocr_par' dir='ltr' id='par_1_4' title="bbox 518 2367 740 2420">
     <span class='ocr_line' id='line_1_21' title="bbox 518 2367 740 2420; baseline -0.009 0"><span class='ocrx_word' id='word_1_168' title='bbox 518 2367 740 2420; x_wconf 77' lang='grc' dir='ltr'><strong>ΜΑΡΊὝΡΕΣ.</strong></span> 
     </span>
    </p>

    <p class='ocr_par' dir='ltr' id='par_1_5' title="bbox 92 2439 1221 3250">
     <span class='ocr_line' id='line_1_22' title="bbox 181 2439 1221 2538; baseline 0.002 -22"><span class='ocrx_word' id='word_1_169' title='bbox 181 2442 279 2516; x_wconf 82' lang='grc' dir='ltr'><strong><em>Ούτω</em></strong></span> <span class='ocrx_word' id='word_1_170' title='bbox 294 2454 406 2517; x_wconf 92' lang='grc' dir='ltr'><strong><em>τοίνυν</em></strong></span> <span class='ocrx_word' id='word_1_171' title='bbox 422 2442 561 2538; x_wconf 69' lang='grc' dir='ltr'><strong><em>ἀσελγής</em></strong></span> <span class='ocrx_word' id='word_1_172' title='bbox 576 2439 622 2515; x_wconf 89' lang='grc' dir='ltr'><strong><em>ῶν</em></strong></span> <span class='ocrx_word' id='word_1_173' title='bbox 636 2453 692 2516; x_wconf 87' lang='grc' dir='ltr'><strong><em>καὶ</em></strong></span> <span class='ocrx_word' id='word_1_174' title='bbox 714 2454 827 2533; x_wconf 84' lang='grc' dir='ltr'><strong><em>βίαιος</em></strong></span> <span class='ocrx_word' id='word_1_175' title='bbox 841 2453 897 2517; x_wconf 89' lang='grc' dir='ltr'><strong><em>καὶ</em></strong></span> <span class='ocrx_word' id='word_1_176' title='bbox 911 2449 971 2538; x_wconf 84' lang='grc' dir='ltr'><strong><em>τήν</em></strong></span> <span class='ocrx_word' id='word_1_177' title='bbox 989 2455 1056 2517; x_wconf 89' lang='grc' dir='ltr'><strong><em>τῶν</em></strong></span> <span class='ocrx_word' id='word_1_178' title='bbox 1072 2445 1168 2518; x_wconf 90' lang='grc' dir='ltr'><strong><em>ἀδελ·</em></strong></span> <span class='ocrx_word' id='word_1_179' title='bbox 1182 2460 1221 2518; x_wconf 74' lang='grc'><strong><em>48</em></strong></span> 
     </span>
     <span class='ocr_line' id='line_1_23' title="bbox 93 2543 1169 2640; baseline 0.006 -26"><span class='ocrx_word' id='word_1_180' title='bbox 93 2553 167 2639; x_wconf 78' lang='grc' dir='ltr'><strong><em>φῶν</em></strong></span> <span class='ocrx_word' id='word_1_181' title='bbox 196 2543 314 2618; x_wconf 84' lang='grc' dir='ltr'><strong><em>ούσίαν</em></strong></span> <span class='ocrx_word' id='word_1_182' title='bbox 343 2545 577 2640; x_wconf 77' lang='grc' dir='ltr'><strong><em>ἀπεστερηκὼς</em></strong></span> <span class='ocrx_word' id='word_1_183' title='bbox 607 2544 665 2618; x_wconf 82' lang='grc' dir='ltr'><strong><em>ούκ</em></strong></span> <span class='ocrx_word' id='word_1_184' title='bbox 694 2545 810 2640; x_wconf 77' lang='grc' dir='ltr'><strong><em>ἀγαπᾷ</em></strong></span> <span class='ocrx_word' id='word_1_185' title='bbox 838 2550 880 2617; x_wconf 83' lang='grc' dir='ltr'><strong><em>τὰ</em></strong></span> <span class='ocrx_word' id='word_1_186' title='bbox 915 2550 1047 2618; x_wconf 81' lang='grc' dir='ltr'><strong><em>ἐκείνων</em></strong></span> <span class='ocrx_word' id='word_1_187' title='bbox 1078 2551 1169 2635; x_wconf 78' lang='grc' dir='ltr'><strong><em>ἐ’χων,</em></strong></span> 
     </span>
     <span class='ocr_line' id='line_1_24' title="bbox 93 2643 1171 2742; baseline 0.003 -25"><span class='ocrx_word' id='word_1_188' title='bbox 93 2644 168 2718; x_wconf 75' lang='grc' dir='ltr'><strong><em>ἀλλ’·</em></strong></span> <span class='ocrx_word' id='word_1_189' title='bbox 196 2643 249 2720; x_wconf 74' lang='grc' dir='ltr'><strong><em>ὅτι</em></strong></span> <span class='ocrx_word' id='word_1_190' title='bbox 271 2652 365 2742; x_wconf 91' lang='grc' dir='ltr'><strong><em>δίκην</em></strong></span> <span class='ocrx_word' id='word_1_191' title='bbox 387 2647 547 2738; x_wconf 87' lang='grc' dir='ltr'><strong><em>ούδεμίαν</em></strong></span> <span class='ocrx_word' id='word_1_192' title='bbox 570 2646 679 2720; x_wconf 89' lang='grc' dir='ltr'><strong><em>αύτῶν</em></strong></span> <span class='ocrx_word' id='word_1_193' title='bbox 702 2653 852 2734; x_wconf 89' lang='grc' dir='ltr'><strong><em>δέδωκεν,</em></strong></span> <span class='ocrx_word' id='word_1_194' title='bbox 877 2646 949 2742; x_wconf 82' lang='grc' dir='ltr'><strong><em>ήκει</em></strong></span> <span class='ocrx_word' id='word_1_195' title='bbox 969 2655 1025 2719; x_wconf 85' lang='grc' dir='ltr'><strong><em>καλ</em></strong></span> <span class='ocrx_word' id='word_1_196' title='bbox 1047 2652 1089 2719; x_wconf 83' lang='grc' dir='ltr'><strong><em>τὰ</em></strong></span> <span class='ocrx_word' id='word_1_197' title='bbox 1110 2657 1171 2720; x_wconf 81' lang='grc' dir='ltr'><strong><em>τοῦ</em></strong></span> 
     </span>
     <span class='ocr_line' id='line_1_25' title="bbox 92 2747 1168 2843; baseline 0.003 -24"><span class='ocrx_word' id='word_1_198' title='bbox 92 2752 242 2820; x_wconf 83' lang='grc' dir='ltr'><strong><em>πάππου</em></strong></span> <span class='ocrx_word' id='word_1_199' title='bbox 260 2753 415 2843; x_wconf 84' lang='grc' dir='ltr'><strong><em>χρήματα</em></strong></span> <span class='ocrx_word' id='word_1_200' title='bbox 428 2751 518 2842; x_wconf 84' lang='grc' dir='ltr'><strong><em>ήμᾶς</em></strong></span> <span class='ocrx_word' id='word_1_201' title='bbox 533 2747 783 2843; x_wconf 88' lang='grc' dir='ltr'><strong><em>ἀποστερήσων,</em></strong></span> <span class='ocrx_word' id='word_1_202' title='bbox 806 2757 862 2821; x_wconf 84' lang='grc' dir='ltr'><strong><em>καί</em></strong></span> <span class='ocrx_word' id='word_1_203' title='bbox 876 2754 983 2842; x_wconf 83' lang='grc' dir='ltr'><strong><em>τούτῳ</em></strong></span> <span class='ocrx_word' id='word_1_204' title='bbox 1001 2752 1060 2822; x_wconf 89' lang='grc' dir='ltr'><strong><em>δύο</em></strong></span> <span class='ocrx_word' id='word_1_205' title='bbox 1075 2758 1168 2838; x_wconf 85' lang='grc' dir='ltr'><strong><em>μνᾶς,</em></strong></span> 
     </span>
     <span class='ocr_line' id='line_1_26' title="bbox 93 2848 1170 2946; baseline 0.002 -24"><span class='ocrx_word' id='word_1_206' title='bbox 93 2851 139 2934; x_wconf 85' lang='grc' dir='ltr'><strong><em>ῶς</em></strong></span> <span class='ocrx_word' id='word_1_207' title='bbox 167 2848 338 2942; x_wconf 89' lang='grc' dir='ltr'><strong><em>ἀκούομεν,</em></strong></span> <span class='ocrx_word' id='word_1_208' title='bbox 359 2858 363 2943; x_wconf 93' lang='grc' dir='ltr'>Ι</span> <span class='ocrx_word' id='word_1_209' title='bbox 382 2856 488 2941; x_wconf 92' lang='grc' dir='ltr'><strong><em>μόνας</em></strong></span> <span class='ocrx_word' id='word_1_210' title='bbox 516 2855 668 2936; x_wconf 79' lang='grc' dir='ltr'><strong><em>δεδωκώς</em></strong></span> <span class='ocrx_word' id='word_1_211' title='bbox 696 2850 734 2924; x_wconf 84' lang='grc' dir='ltr'><strong><em>ού</em></strong></span> <span class='ocrx_word' id='word_1_212' title='bbox 763 2857 866 2941; x_wconf 88' lang='grc' dir='ltr'><strong><em>μόνον</em></strong></span> <span class='ocrx_word' id='word_1_213' title='bbox 888 2859 969 2944; x_wconf 84' lang='grc' dir='ltr'><strong><em>περί</em></strong></span> <span class='ocrx_word' id='word_1_214' title='bbox 993 2856 1170 2946; x_wconf 84' lang='grc' dir='ltr'><strong><em>χρημάτων</em></strong></span> 
     </span>
     <span class='ocr_line' id='line_1_27' title="bbox 92 2950 1171 3047; baseline 0.001 -23"><span class='ocrx_word' id='word_1_215' title='bbox 92 2953 180 3046; x_wconf 78' lang='grc' dir='ltr'><strong><em>ἡμᾶς</em></strong></span> <span class='ocrx_word' id='word_1_216' title='bbox 210 2950 296 3025; x_wconf 87' lang='grc' dir='ltr'><strong><em>ἀλλά</em></strong></span> <span class='ocrx_word' id='word_1_217' title='bbox 324 2960 382 3025; x_wconf 93' lang='grc' dir='ltr'><strong><em>καὶ</em></strong></span> <span class='ocrx_word' id='word_1_218' title='bbox 411 2960 490 3043; x_wconf 79' lang='grc' dir='ltr'><strong><em>περὶ</em></strong></span> <span class='ocrx_word' id='word_1_219' title='bbox 519 2961 579 3047; x_wconf 82' lang='grc' dir='ltr'><strong><em>τῆς</em></strong></span> <span class='ocrx_word' id='word_1_220' title='bbox 606 2983 697 3047; x_wconf 91' lang='grc' dir='ltr'><strong><em>πατρ</em></strong></span> <span class='ocrx_word' id='word_1_221' title='bbox 700 2959 829 3037; x_wconf 89' lang='grc' dir='ltr'><strong><em>ίδος</em></strong></span> <span class='ocrx_word' id='word_1_222' title='bbox 799 2984 847 3037; x_wconf 93' lang='grc' dir='ltr'><strong><em>εις</em></strong></span> <span class='ocrx_word' id='word_1_223' title='bbox 874 2958 1044 3036; x_wconf 90' lang='grc' dir='ltr'><strong><em>κινδύνους</em></strong></span> <span class='ocrx_word' id='word_1_224' title='bbox 1069 2962 1171 3026; x_wconf 73' lang='grc' dir='ltr'><strong><em>καθί-</em></strong></span> 
     </span>
     <span class='ocr_line' id='line_1_28' title="bbox 94 3057 1168 3151; baseline 0.001 -25"><span class='ocrx_word' id='word_1_225' title='bbox 94 3080 221 3150; x_wconf 88' lang='grc' dir='ltr'><strong><em>στησιν.</em></strong></span> <span class='ocrx_word' id='word_1_226' title='bbox 273 3057 331 3127; x_wconf 75' lang='grc' dir='ltr'><strong><em>ἐὰν</em></strong></span> <span class='ocrx_word' id='word_1_227' title='bbox 362 3058 426 3147; x_wconf 74' lang='grc' dir='ltr'><strong><em>γὰρ</em></strong></span> <span class='ocrx_word' id='word_1_228' title='bbox 455 3057 738 3151; x_wconf 68' lang='grc' dir='ltr'><strong><em>ἐξαπατηθῆτεί</em></strong></span> <span class='ocrx_word' id='word_1_229' title='bbox 720 3075 815 3145; x_wconf 87' lang='grc' dir='ltr'><strong><em>υμεῑς</em></strong></span> <span class='ocrx_word' id='word_1_230' title='bbox 842 3065 1044 3139; x_wconf 73' lang='grc' dir='ltr'><strong><em>πεισθέντες</em></strong></span> <span class='ocrx_word' id='word_1_231' title='bbox 1075 3057 1121 3140; x_wconf 88' lang='grc' dir='ltr'><strong><em>ῶς</em></strong></span> <span class='ocrx_word' id='word_1_232' title='bbox 1148 3057 1168 3150; x_wconf 87' lang='grc' dir='ltr'><strong><em>ή</em></strong></span> 
     </span>
     <span class='ocr_line' id='line_1_29' title="bbox 92 3148 1170 3250; baseline 0.003 -22"><span class='ocrx_word' id='word_1_233' title='bbox 92 3161 200 3250; x_wconf 90' lang='grc' dir='ltr'><strong><em>μήτηρ</em></strong></span> <span class='ocrx_word' id='word_1_234' title='bbox 220 3156 315 3248; x_wconf 82' lang='grc' dir='ltr'><strong><em>ἡμῶν</em></strong></span> <span class='ocrx_word' id='word_1_235' title='bbox 337 3156 396 3229; x_wconf 87' lang='grc' dir='ltr'><strong><em>ούκ</em></strong></span> <span class='ocrx_word' id='word_1_236' title='bbox 416 3148 456 3249; x_wconf 83' lang='grc' dir='ltr'><strong><em>ήν</em></strong></span> <span class='ocrx_word' id='word_1_237' title='bbox 478 3164 623 3244; x_wconf 86' lang='grc' dir='ltr'><strong><em>πολῖτις,</em></strong></span> <span class='ocrx_word' id='word_1_238' title='bbox 646 3155 763 3229; x_wconf 69' lang='grc' dir='ltr'><strong><em>ούδΗ</em></strong></span> <span class='ocrx_word' id='word_1_239' title='bbox 744 3176 841 3250; x_wconf 90' lang='grc' dir='ltr'><strong><em>ημεῖς</em></strong></span> <span class='ocrx_word' id='word_1_240' title='bbox 863 3162 977 3247; x_wconf 80' lang='grc' dir='ltr'><strong><em>ἐσμεν·</em></strong></span> <span class='ocrx_word' id='word_1_241' title='bbox 1006 3155 1078 3247; x_wconf 89' lang='grc' dir='ltr'><strong><em>μετ</em></strong></span> <span class='ocrx_word' id='word_1_242' title='bbox 1106 3155 1170 3231; x_wconf 81' lang='lat' dir='ltr'><strong><em>Ev·</em></strong></span> 
     </span>
    </p>
   </div>
   <div class='ocr_carea' id='block_1_3' title="bbox 92 3344 1171 3586">
    <p class='ocr_par' dir='ltr' id='par_1_6' title="bbox 92 3344 1171 3586">
     <span class='ocr_line' id='line_1_30' title="bbox 166 3344 1171 3417; baseline -0.001 -14"><span class='ocrx_word' id='word_1_243' title='bbox 166 3347 212 3403; x_wconf 79' lang='lat'><strong><em>4⁰.</em></strong></span> <span class='ocrx_word' id='word_1_244' title='bbox 228 3351 243 3400; x_wconf 81' lang='lat'><strong>2</strong></span> <span class='ocrx_word' id='word_1_245' title='bbox 262 3366 290 3400; x_wconf 87' lang='grc' dir='ltr'><strong><em>τι</em></strong></span> <span class='ocrx_word' id='word_1_246' title='bbox 306 3366 353 3417; x_wconf 71' lang='lat' dir='ltr'><strong><em>pn,</em></strong></span> <span class='ocrx_word' id='word_1_247' title='bbox 370 3367 413 3402; x_wconf 85' lang='grc' dir='ltr'><strong><em>τοι</em></strong></span> <span class='ocrx_word' id='word_1_248' title='bbox 430 3365 493 3402; x_wconf 84' lang='lat' dir='ltr'><strong>corr.</strong></span> <span class='ocrx_word' id='word_1_249' title='bbox 509 3355 521 3403; x_wconf 91' lang='lat'>1</span> <span class='ocrx_word' id='word_1_250' title='bbox 541 3378 575 3389; x_wconf 93' lang='lat'><em>-</em></span> <span class='ocrx_word' id='word_1_251' title='bbox 592 3345 801 3415; x_wconf 82' lang='grc' dir='ltr'><strong><em>4ἀπιστήσαιτε</em></strong></span> <span class='ocrx_word' id='word_1_252' title='bbox 818 3344 922 3414; x_wconf 74' lang='lat' dir='ltr'>Rsk„</span> <span class='ocrx_word' id='word_1_253' title='bbox 925 3344 1087 3414; x_wconf 73' lang='grc' dir='ltr'><strong><em>νοστήσαντ’</em></strong></span> <span class='ocrx_word' id='word_1_254' title='bbox 1105 3350 1171 3402; x_wconf 70' lang='grc' dir='ltr'><strong><em>ἴσως</em></strong></span> 
     </span>
     <span class='ocr_line' id='line_1_31' title="bbox 93 3419 1170 3504; baseline 0.002 -20"><span class='ocrx_word' id='word_1_255' title='bbox 93 3432 184 3486; x_wconf 82' lang='lat' dir='ltr'>Schb.:</span> <span class='ocrx_word' id='word_1_256' title='bbox 198 3419 351 3499; x_wconf 75' lang='grc' dir='ltr'><strong><em>ἀπιστήσαί</em></strong></span> <span class='ocrx_word' id='word_1_257' title='bbox 372 3449 413 3486; x_wconf 76' lang='lat' dir='ltr'><em>m</em></span> <span class='ocrx_word' id='word_1_258' title='bbox 430 3463 464 3473; x_wconf 89' lang='grc'><strong>-</strong></span> <span class='ocrx_word' id='word_1_259' title='bbox 481 3439 496 3486; x_wconf 75' lang='grc'><strong>5</strong></span> <span class='ocrx_word' id='word_1_260' title='bbox 515 3437 570 3500; x_wconf 76' lang='grc' dir='ltr'><strong><em>ίχει</em></strong></span> <span class='ocrx_word' id='word_1_261' title='bbox 587 3433 685 3486; x_wconf 79' lang='lat' dir='ltr'><strong>Baiter:</strong></span> <span class='ocrx_word' id='word_1_262' title='bbox 703 3434 757 3499; x_wconf 81' lang='grc' dir='ltr'><strong><em>εἶχε</em></strong></span> <span class='ocrx_word' id='word_1_263' title='bbox 775 3465 807 3473; x_wconf 83' lang='grc'><strong>-</strong></span> <span class='ocrx_word' id='word_1_264' title='bbox 825 3438 841 3488; x_wconf 86' lang='grc'>6</span> <span class='ocrx_word' id='word_1_265' title='bbox 860 3435 946 3504; x_wconf 83' lang='grc' dir='ltr'><strong><em>τριῶν</em></strong></span> <span class='ocrx_word' id='word_1_266' title='bbox 963 3449 1026 3487; x_wconf 84' lang='lat' dir='ltr'><strong>corr.</strong></span> <span class='ocrx_word' id='word_1_267' title='bbox 1040 3438 1064 3498; x_wconf 79' lang='lat'><strong><em>2,</em></strong></span> <span class='ocrx_word' id='word_1_268' title='bbox 1081 3436 1170 3487; x_wconf 87' lang='grc' dir='ltr'><strong><em>τινῶν</em></strong></span> 
     </span>
     <span class='ocr_line' id='line_1_32' title="bbox 92 3513 1169 3586; baseline 0.004 -17"><span class='ocrx_word' id='word_1_269' title='bbox 92 3533 129 3583; x_wconf 83' lang='lat' dir='ltr'><strong><em>pr.</em></strong></span> <span class='ocrx_word' id='word_1_270' title='bbox 204 3517 247 3572; x_wconf 79' lang='lat'><strong><em>41.</em></strong></span> <span class='ocrx_word' id='word_1_271' title='bbox 264 3525 280 3571; x_wconf 83' lang='lat'>4</span> <span class='ocrx_word' id='word_1_272' title='bbox 298 3513 412 3586; x_wconf 79' lang='grc' dir='ltr'><strong><em>ἠτίμασε</em></strong></span> <span class='ocrx_word' id='word_1_273' title='bbox 436 3518 554 3572; x_wconf 82' lang='lat' dir='ltr'>Schoem.</span> <span class='ocrx_word' id='word_1_274' title='bbox 579 3548 611 3557; x_wconf 95' lang='lat'>-</span> <span class='ocrx_word' id='word_1_275' title='bbox 635 3515 767 3573; x_wconf 67' lang='grc' dir='ltr'><strong><em>δέδωκα</em></strong></span> <span class='ocrx_word' id='word_1_276' title='bbox 791 3536 840 3573; x_wconf 83' lang='lat' dir='ltr'><strong><em>em.</em></strong></span> <span class='ocrx_word' id='word_1_277' title='bbox 858 3519 1013 3586; x_wconf 79' lang='lat' dir='ltr'>Wesseling.</span> <span class='ocrx_word' id='word_1_278' title='bbox 1088 3517 1169 3574; x_wconf 64' lang='lat'><strong><em>424</em></strong></span> 
     </span>
    </p>
   </div>
   <div class='ocr_carea' id='block_1_4' title="bbox 93 3623 1169 4065">
    <p class='ocr_par' dir='ltr' id='par_1_7' title="bbox 93 3623 1169 4065">
     <span class='ocr_line' id='line_1_33' title="bbox 93 3623 1169 3725; baseline 0.003 -22"><span class='ocrx_word' id='word_1_279' title='bbox 93 3648 223 3720; x_wconf 79' lang='grc' dir='ltr'><strong><em>φιλλιᾶδι</em></strong></span> <span class='ocrx_word' id='word_1_280' title='bbox 238 3659 327 3725; x_wconf 81' lang='grc' dir='ltr'><strong><em>χωρία</em></strong></span> <span class='ocrx_word' id='word_1_281' title='bbox 348 3645 403 3706; x_wconf 80' lang='grc' dir='ltr'><strong><em>ἀτα</em></strong></span> <span class='ocrx_word' id='word_1_282' title='bbox 421 3670 467 3721; x_wconf 71' lang='grc' dir='ltr'><strong><em>ηε,</em></strong></span> <span class='ocrx_word' id='word_1_283' title='bbox 491 3637 590 3723; x_wconf 78' lang='grc' dir='ltr'><strong><em>φιλλιά</em></strong></span> <span class='ocrx_word' id='word_1_284' title='bbox 610 3651 641 3707; x_wconf 80' lang='grc' dir='ltr'><strong><em>δε</em></strong></span> <span class='ocrx_word' id='word_1_285' title='bbox 658 3660 685 3708; x_wconf 82' lang='grc' dir='ltr'><strong><em>εί</em></strong></span> <span class='ocrx_word' id='word_1_286' title='bbox 708 3623 761 3707; x_wconf 63' lang='grc' dir='ltr'><strong><em>δύα</em></strong></span> <span class='ocrx_word' id='word_1_287' title='bbox 779 3671 843 3707; x_wconf 78' lang='lat' dir='ltr'>corr.</span> <span class='ocrx_word' id='word_1_288' title='bbox 864 3657 892 3708; x_wconf 80' lang='lat'><strong><em>1:</em></strong></span> <span class='ocrx_word' id='word_1_289' title='bbox 916 3651 1015 3721; x_wconf 72' lang='grc' dir='ltr'><strong><em>φίλίεα</em></strong></span> <span class='ocrx_word' id='word_1_290' title='bbox 1035 3649 1066 3706; x_wconf 81' lang='grc' dir='ltr'><strong><em>δί</em></strong></span> <span class='ocrx_word' id='word_1_291' title='bbox 1081 3658 1169 3723; x_wconf 80' lang='grc' dir='ltr'><strong><em>χωρία</em></strong></span> 
     </span>
     <span class='ocr_line' id='line_1_34' title="bbox 93 3732 1168 3810; baseline 0.003 -22"><span class='ocrx_word' id='word_1_292' title='bbox 93 3732 164 3789; x_wconf 77' lang='grc' dir='ltr'><strong><em>ἅττα</em></strong></span> <span class='ocrx_word' id='word_1_293' title='bbox 182 3738 338 3805; x_wconf 76' lang='lat' dir='ltr'>wesseling,</span> <span class='ocrx_word' id='word_1_294' title='bbox 357 3734 428 3791; x_wconf 83' lang='grc' dir='ltr'><strong><em>ἅττα</em></strong></span> <span class='ocrx_word' id='word_1_295' title='bbox 445 3755 504 3793; x_wconf 86' lang='lat' dir='ltr'><strong><em>cum</em></strong></span> <span class='ocrx_word' id='word_1_296' title='bbox 521 3740 588 3804; x_wconf 64' lang='lat' dir='ltr'><strong><em>Ald„</em></strong></span> <span class='ocrx_word' id='word_1_297' title='bbox 606 3744 693 3810; x_wconf 82' lang='grc' dir='ltr'><strong><em>χωρία</em></strong></span> <span class='ocrx_word' id='word_1_298' title='bbox 710 3737 781 3792; x_wconf 80' lang='grc' dir='ltr'><strong><em>ἄττα</em></strong></span> <span class='ocrx_word' id='word_1_299' title='bbox 799 3739 849 3792; x_wconf 81' lang='lat' dir='ltr'><strong>del.</strong></span> <span class='ocrx_word' id='word_1_300' title='bbox 861 3739 923 3791; x_wconf 81' lang='lat' dir='ltr'><strong>Rsk.</strong></span> <span class='ocrx_word' id='word_1_301' title='bbox 959 3739 996 3793; x_wconf 78' lang='lat' dir='ltr'><strong><em>Cf.</em></strong></span> <span class='ocrx_word' id='word_1_302' title='bbox 1009 3739 1129 3807; x_wconf 83' lang='lat' dir='ltr'><strong>flarpocr.</strong></span> <span class='ocrx_word' id='word_1_303' title='bbox 1142 3755 1168 3791; x_wconf 85' lang='lat' dir='ltr'><strong><em>v.</em></strong></span> 
     </span>
     <span class='ocr_line' id='line_1_35' title="bbox 93 3818 1169 3894; baseline 0.002 -21"><span class='ocrx_word' id='word_1_304' title='bbox 93 3818 208 3889; x_wconf 78' lang='grc' dir='ltr'><strong><em>φελλία·</em></strong></span> <span class='ocrx_word' id='word_1_305' title='bbox 223 3818 319 3876; x_wconf 71' lang='grc' dir='ltr'><strong><em>Ἰσαῖον</em></strong></span> <span class='ocrx_word' id='word_1_306' title='bbox 336 3825 367 3875; x_wconf 82' lang='grc' dir='ltr'><strong><em>ίν</em></strong></span> <span class='ocrx_word' id='word_1_307' title='bbox 384 3823 426 3889; x_wconf 80' lang='grc' dir='ltr'><strong><em>τῶ</em></strong></span> <span class='ocrx_word' id='word_1_308' title='bbox 444 3825 572 3893; x_wconf 78' lang='grc' dir='ltr'><strong><em>περὶτοῦ</em></strong></span> <span class='ocrx_word' id='word_1_309' title='bbox 585 3827 711 3892; x_wconf 82' lang='grc' dir='ltr'><strong><em>Κίριυνοε</em></strong></span> <span class='ocrx_word' id='word_1_310' title='bbox 728 3820 874 3894; x_wconf 75' lang='grc' dir='ltr'><strong><em>(κήρωνοεε</em></strong></span> <span class='ocrx_word' id='word_1_311' title='bbox 893 3839 941 3876; x_wconf 81' lang='lat' dir='ltr'><strong><em>em.</em></strong></span> <span class='ocrx_word' id='word_1_312' title='bbox 955 3822 1090 3889; x_wconf 76' lang='lat' dir='ltr'><strong>Blaneard)</strong></span> <span class='ocrx_word' id='word_1_313' title='bbox 1107 3819 1169 3888; x_wconf 84' lang='grc' dir='ltr'><strong><em>κλή·</em></strong></span> 
     </span>
     <span class='ocr_line' id='line_1_36' title="bbox 94 3902 1169 3980; baseline 0 -20"><span class='ocrx_word' id='word_1_314' title='bbox 94 3923 147 3976; x_wconf 86' lang='grc' dir='ltr'><strong><em>ρσυ.</em></strong></span> <span class='ocrx_word' id='word_1_315' title='bbox 176 3905 213 3960; x_wconf 78' lang='grc' dir='ltr'><strong><em>τὰ</em></strong></span> <span class='ocrx_word' id='word_1_316' title='bbox 224 3902 353 3980; x_wconf 83' lang='grc' dir='ltr'><strong><em>πετρῶδη</em></strong></span> <span class='ocrx_word' id='word_1_317' title='bbox 366 3910 411 3959; x_wconf 80' lang='grc' dir='ltr'><strong><em>καί</em></strong></span> <span class='ocrx_word' id='word_1_318' title='bbox 429 3908 557 3978; x_wconf 74' lang='grc' dir='ltr'><strong><em>αἰγίβοτα</em></strong></span> <span class='ocrx_word' id='word_1_319' title='bbox 568 3912 656 3978; x_wconf 82' lang='grc' dir='ltr'><strong><em>χωρία</em></strong></span> <span class='ocrx_word' id='word_1_320' title='bbox 667 3905 780 3977; x_wconf 76' lang='grc' dir='ltr'><strong><em>φελλέαε</em></strong></span> <span class='ocrx_word' id='word_1_321' title='bbox 791 3905 905 3961; x_wconf 85' lang='grc' dir='ltr'><strong><em>ίκάλουν</em></strong></span> <span class='ocrx_word' id='word_1_322' title='bbox 921 3936 956 3947; x_wconf 86' lang='grc'>-</span> <span class='ocrx_word' id='word_1_323' title='bbox 974 3913 989 3961; x_wconf 83' lang='grc'><strong>6</strong></span> <span class='ocrx_word' id='word_1_324' title='bbox 1007 3904 1169 3974; x_wconf 72' lang='grc' dir='ltr'><strong><em>ἐθελήσειαν</em></strong></span> 
     </span>
     <span class='ocr_line' id='line_1_37' title="bbox 94 3988 750 4065; baseline 0.006 -22"><span class='ocrx_word' id='word_1_325' title='bbox 94 4004 156 4045; x_wconf 74' lang='lat' dir='ltr'><strong>corr.</strong></span> <span class='ocrx_word' id='word_1_326' title='bbox 178 3996 199 4045; x_wconf 85' lang='grc'><strong><em>1.</em></strong></span> <span class='ocrx_word' id='word_1_327' title='bbox 268 3992 313 4049; x_wconf 76' lang='lat'><strong><em>48.</em></strong></span> <span class='ocrx_word' id='word_1_328' title='bbox 333 3997 348 4046; x_wconf 82' lang='lat'><strong>2</strong></span> <span class='ocrx_word' id='word_1_329' title='bbox 366 3988 560 4065; x_wconf 72' lang='grc' dir='ltr'><strong><em>ἀπεστερηκὼς</em></strong></span> <span class='ocrx_word' id='word_1_330' title='bbox 577 4009 624 4060; x_wconf 68' lang='lat' dir='ltr'><strong><em>pr„</em></strong></span> <span class='ocrx_word' id='word_1_331' title='bbox 643 4008 707 4048; x_wconf 82' lang='lat' dir='ltr'><strong>corr.</strong></span> <span class='ocrx_word' id='word_1_332' title='bbox 729 3999 750 4047; x_wconf 85' lang='lat'><strong><em>1.</em></strong></span> 
     </span>
    </p>
   </div>
   <div class='ocr_carea' id='block_1_5' title="bbox 0 0 1325 4476">
    <p class='ocr_par' dir='ltr' id='par_1_8' title="bbox 0 0 1325 4476">
     <span class='ocr_line' id='line_1_38' title="bbox 0 0 1325 4476; baseline 0 0"><span class='ocrx_word' id='word_1_333' title='bbox 0 0 1325 4476; x_wconf 95' lang='lat' dir='ltr'><strong><em> </em></strong></span> 
     </span>
    </p>
   </div>
  </div>
 </body>
</html>
