<?xml version="1.0" encoding="UTF-8"?>
<!DOCTYPE html PUBLIC "-//W3C//DTD XHTML 1.0 Transitional//EN"
    "http://www.w3.org/TR/xhtml1/DTD/xhtml1-transitional.dtd">
<html xmlns="http://www.w3.org/1999/xhtml" xml:lang="en" lang="en">
 <head>
  <title>
</title>
<meta http-equiv="Content-Type" content="text/html;charset=utf-8" />
  <meta name='ocr-system' content='tesseract 3.04.00' />
  <meta name='ocr-capabilities' content='ocr_page ocr_carea ocr_par ocr_line ocrx_word'/>
</head>
<body>
  <div class='ocr_page' id='page_1' title='image "./isaeiorationesc00buergoog_0124.png"; bbox 0 0 2626 4476; ppageno 0'>
   <div class='ocr_carea' id='block_1_1' title="bbox 100 221 1181 299">
    <p class='ocr_par' dir='ltr' id='par_1_1' title="bbox 100 221 1181 299">
     <span class='ocr_line' id='line_1_1' title="bbox 100 221 1181 299; baseline -0.002 -20"><span class='ocrx_word' id='word_1_1' title='bbox 100 259 125 299; x_wconf 73' lang='lat' dir='ltr'><em>p.</em></span> <span class='ocrx_word' id='word_1_2' title='bbox 140 246 173 289; x_wconf 78' lang='lat'><em>¹1³.</em></span> <span class='ocrx_word' id='word_1_3' title='bbox 400 227 478 278; x_wconf 87' lang='grc' dir='ltr'><strong>ΠΕΡΙ</strong></span> <span class='ocrx_word' id='word_1_4' title='bbox 495 225 559 280; x_wconf 85' lang='grc' dir='ltr'><em>ΤΟΥ</em></span> <span class='ocrx_word' id='word_1_5' title='bbox 576 221 717 275; x_wconf 77' lang='grc' dir='ltr'><strong>ΚΙΡΩΝΟΣ</strong></span> <span class='ocrx_word' id='word_1_6' title='bbox 735 225 873 278; x_wconf 82' lang='grc' dir='ltr'><em>ΚΛΗΡΟΥ.</em></span> <span class='ocrx_word' id='word_1_7' title='bbox 1120 225 1181 287; x_wconf 85' lang='grc'><em>103</em></span> 
     </span>
    </p>
   </div>
   <div class='ocr_carea' id='block_1_2' title="bbox 97 381 1234 1133">
    <p class='ocr_par' dir='ltr' id='par_1_2' title="bbox 97 381 1234 1109">
     <span class='ocr_line' id='line_1_2' title="bbox 100 381 1184 484; baseline 0.003 -20"><span class='ocrx_word' id='word_1_8' title='bbox 100 389 188 466; x_wconf 79' lang='grc' dir='ltr'><em>τοῦτ’</em></span> <span class='ocrx_word' id='word_1_9' title='bbox 203 396 305 464; x_wconf 79' lang='grc' dir='ltr'><em>ἐ’στιν.</em></span> <span class='ocrx_word' id='word_1_10' title='bbox 337 395 367 463; x_wconf 83' lang='grc' dir='ltr'><em>εἰ</em></span> <span class='ocrx_word' id='word_1_11' title='bbox 382 395 422 484; x_wconf 88' lang='grc' dir='ltr'><em>δῆ</em></span> <span class='ocrx_word' id='word_1_12' title='bbox 434 401 619 482; x_wconf 89' lang='grc' dir='ltr'><em>προέχομεν</em></span> <span class='ocrx_word' id='word_1_13' title='bbox 631 387 780 484; x_wconf 85' lang='grc' dir='ltr'><em>άδελφοῦ</em></span> <span class='ocrx_word' id='word_1_14' title='bbox 789 399 959 478; x_wconf 82' lang='grc' dir='ltr'><em>τοσοῦτον,</em></span> <span class='ocrx_word' id='word_1_15' title='bbox 974 381 995 483; x_wconf 89' lang='grc' dir='ltr'><em>ῆ</em></span> <span class='ocrx_word' id='word_1_16' title='bbox 1007 421 1075 464; x_wconf 91' lang='grc' dir='ltr'><em>που</em></span> <span class='ocrx_word' id='word_1_17' title='bbox 1085 400 1184 467; x_wconf 82' lang='grc' dir='ltr'><em>τοῦδέ</em></span> 
     </span>
     <span class='ocr_line' id='line_1_3' title="bbox 100 491 1234 589; baseline 0.004 -23"><span class='ocrx_word' id='word_1_18' title='bbox 100 493 129 586; x_wconf 80' lang='grc' dir='ltr'><em>γ’</em></span> <span class='ocrx_word' id='word_1_19' title='bbox 145 494 242 577; x_wconf 87' lang='grc' dir='ltr'><em>όντος</em></span> <span class='ocrx_word' id='word_1_20' title='bbox 257 491 441 587; x_wconf 77' lang='grc' dir='ltr'><strong><em>ἀδελφιδοῦ</em></strong></span> <span class='ocrx_word' id='word_1_21' title='bbox 451 498 615 583; x_wconf 88' lang='grc' dir='ltr'><em>πάμπολυ</em></span> <span class='ocrx_word' id='word_1_22' title='bbox 626 496 788 584; x_wconf 86' lang='grc' dir='ltr'><em>πρότεροί</em></span> <span class='ocrx_word' id='word_1_23' title='bbox 802 496 910 582; x_wconf 87' lang='grc' dir='ltr'><em>έσμεν.</em></span> <span class='ocrx_word' id='word_1_24' title='bbox 937 498 1071 566; x_wconf 87' lang='grc' dir='ltr'><em>δέδοικα</em></span> <span class='ocrx_word' id='word_1_25' title='bbox 1086 501 1123 568; x_wconf 80' lang='grc' dir='ltr'><em>δέ</em></span> <span class='ocrx_word' id='word_1_26' title='bbox 1133 501 1179 589; x_wconf 86' lang='grc' dir='ltr'><em>μῆ</em></span> <span class='ocrx_word' id='word_1_27' title='bbox 1194 513 1234 570; x_wconf 76' lang='grc'><em>84</em></span> 
     </span>
     <span class='ocr_line' id='line_1_4' title="bbox 102 595 1182 693; baseline 0.003 -26"><span class='ocrx_word' id='word_1_28' title='bbox 102 603 177 669; x_wconf 89' lang='grc' dir='ltr'><em>λίαν</em></span> <span class='ocrx_word' id='word_1_29' title='bbox 199 597 448 687; x_wconf 73' lang='grc' dir='ltr'><em>ὁμολογούμενα</em></span> <span class='ocrx_word' id='word_1_30' title='bbox 469 601 572 686; x_wconf 91' lang='grc' dir='ltr'><em>λέγων</em></span> <span class='ocrx_word' id='word_1_31' title='bbox 588 597 731 682; x_wconf 73' lang='grc' dir='ltr'><em>ἐνοχλεῖν</em></span> <span class='ocrx_word' id='word_1_32' title='bbox 753 595 830 682; x_wconf 85' lang='grc' dir='ltr'><em>ύμῖν</em></span> <span class='ocrx_word' id='word_1_33' title='bbox 846 598 949 677; x_wconf 85' lang='grc' dir='ltr'><em>δόξω·</em></span> <span class='ocrx_word' id='word_1_34' title='bbox 972 600 1097 680; x_wconf 88' lang='grc' dir='ltr'><em>πάντες</em></span> <span class='ocrx_word' id='word_1_35' title='bbox 1118 602 1182 693; x_wconf 84' lang='grc' dir='ltr'><em>γὰρ</em></span> 
     </span>
     <span class='ocr_line' id='line_1_5' title="bbox 99 697 1180 793; baseline 0.003 -25"><span class='ocrx_word' id='word_1_36' title='bbox 99 699 194 786; x_wconf 86' lang='grc' dir='ltr'><em>ύμεῑς</em></span> <span class='ocrx_word' id='word_1_37' title='bbox 216 706 284 768; x_wconf 79' lang='grc' dir='ltr'><em>ταῖν</em></span> <span class='ocrx_word' id='word_1_38' title='bbox 305 697 482 789; x_wconf 74' lang='grc' dir='ltr'><em>πατρῴων,</em></span> <span class='ocrx_word' id='word_1_39' title='bbox 511 705 577 768; x_wconf 79' lang='grc' dir='ltr'><em>τῶν</em></span> <span class='ocrx_word' id='word_1_40' title='bbox 600 700 794 787; x_wconf 80' lang='grc' dir='ltr'><em>παππιβων,</em></span> <span class='ocrx_word' id='word_1_41' title='bbox 823 705 891 767; x_wconf 79' lang='grc' dir='ltr'><em>τῶν</em></span> <span class='ocrx_word' id='word_1_42' title='bbox 912 700 963 768; x_wconf 84' lang='grc' dir='ltr'><em>έτι</em></span> <span class='ocrx_word' id='word_1_43' title='bbox 991 710 1180 793; x_wconf 79' lang='grc' dir='ltr'><strong><em>περαιτέρω</em></strong></span> 
     </span>
     <span class='ocr_line' id='line_1_6' title="bbox 97 795 1181 894; baseline 0.003 -24"><span class='ocrx_word' id='word_1_44' title='bbox 97 803 363 894; x_wconf 76' lang='grc' dir='ltr'><em>κληρονομεῐτε’</em></span> <span class='ocrx_word' id='word_1_45' title='bbox 349 829 384 870; x_wconf 93' lang='grc' dir='ltr'><em>εκ</em></span> <span class='ocrx_word' id='word_1_46' title='bbox 397 809 511 891; x_wconf 89' lang='grc' dir='ltr'><em>γένους</em></span> <span class='ocrx_word' id='word_1_47' title='bbox 526 798 820 892; x_wconf 86' lang='grc' dir='ltr'><em>παρειληφοτες</em></span> <span class='ocrx_word' id='word_1_48' title='bbox 784 828 845 890; x_wconf 91' lang='grc' dir='ltr'><em>την</em></span> <span class='ocrx_word' id='word_1_49' title='bbox 856 795 1045 888; x_wconf 76' lang='grc' dir='ltr'><em>ἀγχιστείαν</em></span> <span class='ocrx_word' id='word_1_50' title='bbox 1062 799 1181 874; x_wconf 79' lang='grc' dir='ltr'><em>ἀνεπί-</em></span> 
     </span>
     <span class='ocr_line' id='line_1_7' title="bbox 99 899 1180 1024; baseline 0.004 -53"><span class='ocrx_word' id='word_1_51' title='bbox 99 906 202 987; x_wconf 88' lang='grc' dir='ltr'><em>δικον,</em></span> <span class='ocrx_word' id='word_1_52' title='bbox 225 908 283 972; x_wconf 83' lang='grc' dir='ltr'><em>καί</em></span> <span class='ocrx_word' id='word_1_53' title='bbox 305 903 363 972; x_wconf 85' lang='grc' dir='ltr'><em>ούκ</em></span> <span class='ocrx_word' id='word_1_54' title='bbox 386 899 452 971; x_wconf 76' lang='grc' dir='ltr'><em>οἶδ’</em></span> <span class='ocrx_word' id='word_1_55' title='bbox 471 905 505 972; x_wconf 89' lang='grc' dir='ltr'><em>εί</em></span> <span class='ocrx_word' id='word_1_56' title='bbox 517 931 585 971; x_wconf 91' lang='grc' dir='ltr'><em>τινι</em></span> <span class='ocrx_word' id='word_1_57' title='bbox 573 903 674 1024; x_wconf 87' lang='grc' dir='ltr'><em>πρό</em></span> <span class='ocrx_word' id='word_1_58' title='bbox 691 908 750 971; x_wconf 83' lang='grc' dir='ltr'><em>τοῦ</em></span> <span class='ocrx_word' id='word_1_59' title='bbox 764 904 908 971; x_wconf 84' lang='grc' dir='ltr'><em>πώποτε</em></span> <span class='ocrx_word' id='word_1_60' title='bbox 921 910 1075 985; x_wconf 77' lang='grc' dir='ltr'><em>τοιοῦτος</em></span> <span class='ocrx_word' id='word_1_61' title='bbox 1090 902 1180 994; x_wconf 86' lang='grc' dir='ltr'><em>άγών</em></span> 
     </span>
     <span class='ocr_line' id='line_1_8' title="bbox 100 991 1180 1133; baseline 0.003 -59"><span class='ocrx_word' id='word_1_62' title='bbox 100 1013 313 1133; x_wconf 84' lang='grc' dir='ltr'><em>συμβέβηκεν</em></span> <span class='ocrx_word' id='word_1_63' title='bbox 359 1000 520 1093; x_wconf 84' lang='grc' dir='ltr'><em>άναγνοδς</em></span> <span class='ocrx_word' id='word_1_64' title='bbox 549 991 607 1074; x_wconf 82' lang='grc' dir='ltr'><em>ούν</em></span> <span class='ocrx_word' id='word_1_65' title='bbox 634 1005 693 1074; x_wconf 85' lang='grc' dir='ltr'><em>τόν</em></span> <span class='ocrx_word' id='word_1_66' title='bbox 722 1010 780 1094; x_wconf 87' lang='grc' dir='ltr'><em>τῆς</em></span> <span class='ocrx_word' id='word_1_67' title='bbox 802 1007 977 1086; x_wconf 80' lang='grc' dir='ltr'><em>κακώσεως</em></span> <span class='ocrx_word' id='word_1_68' title='bbox 1000 1007 1110 1094; x_wconf 92' lang='grc' dir='ltr'><em>νόμον,</em></span> <span class='ocrx_word' id='word_1_69' title='bbox 1132 1035 1180 1077; x_wconf 88' lang='grc' dir='ltr'><em>ων</em></span> 
     </span>
    </p>
   </div>
   <div class='ocr_carea' id='block_1_3' title="bbox 98 1102 1179 1266">
    <p class='ocr_par' dir='ltr' id='par_1_3' title="bbox 98 1102 1179 1266">
     <span class='ocr_line' id='line_1_9' title="bbox 98 1102 1179 1196; baseline 0.002 -20"><span class='ocrx_word' id='word_1_70' title='bbox 98 1108 194 1176; x_wconf 87' lang='grc' dir='ltr'><em>ε’νεκα</em></span> <span class='ocrx_word' id='word_1_71' title='bbox 208 1108 364 1177; x_wconf 87' lang='grc' dir='ltr'><em>τάλλαί</em></span> <span class='ocrx_word' id='word_1_72' title='bbox 328 1135 349 1196; x_wconf 93' lang='grc' dir='ltr'><em>γ</em></span> <span class='ocrx_word' id='word_1_73' title='bbox 350 1115 486 1195; x_wconf 88' lang='grc' dir='ltr'><em>ίγνεται,</em></span> <span class='ocrx_word' id='word_1_74' title='bbox 507 1110 563 1175; x_wconf 86' lang='grc' dir='ltr'><em>καὶ</em></span> <span class='ocrx_word' id='word_1_75' title='bbox 584 1112 666 1174; x_wconf 79' lang='grc' dir='ltr'><em>ταῦτ</em></span> <span class='ocrx_word' id='word_1_76' title='bbox 670 1102 760 1196; x_wconf 85' lang='grc' dir='ltr'><em>ῆδη</em></span> <span class='ocrx_word' id='word_1_77' title='bbox 776 1108 984 1196; x_wconf 87' lang='grc' dir='ltr'><em>πειράσομαι</em></span> <span class='ocrx_word' id='word_1_78' title='bbox 999 1110 1179 1179; x_wconf 76' lang='grc' dir='ltr'><em>διδάσκειν.</em></span> 
     </span>
     <span class='ocr_line' id='line_1_10' title="bbox 567 1213 713 1266; baseline -0.007 0"><span class='ocrx_word' id='word_1_79' title='bbox 567 1213 713 1266; x_wconf 84' lang='grc' dir='ltr'><em>ΝΟΜΟΣ.</em></span> 
     </span>
    </p>
   </div>
   <div class='ocr_carea' id='block_1_4' title="bbox 76 1286 1252 3318">
    <p class='ocr_par' dir='ltr' id='par_1_4' title="bbox 76 1286 1252 3318">
     <span class='ocr_line' id='line_1_11' title="bbox 184 1286 1230 1384; baseline 0.001 -22"><span class='ocrx_word' id='word_1_80' title='bbox 184 1301 298 1383; x_wconf 88' lang='grc' dir='ltr'><em>Κίρων</em></span> <span class='ocrx_word' id='word_1_81' title='bbox 325 1293 389 1383; x_wconf 84' lang='grc' dir='ltr'><em>γὰρ</em></span> <span class='ocrx_word' id='word_1_82' title='bbox 418 1293 568 1384; x_wconf 78' lang='grc' dir='ltr'><em>ἐκέκτητο</em></span> <span class='ocrx_word' id='word_1_83' title='bbox 597 1286 674 1361; x_wconf 86' lang='grc' dir='ltr'><em>ούσί</em></span> <span class='ocrx_word' id='word_1_84' title='bbox 675 1322 729 1376; x_wconf 93' lang='grc' dir='ltr'><em>αν,</em></span> <span class='ocrx_word' id='word_1_85' title='bbox 764 1321 790 1360; x_wconf 93' lang='grc' dir='ltr'><em>ω</em></span> <span class='ocrx_word' id='word_1_86' title='bbox 821 1289 1005 1382; x_wconf 79' lang='grc' dir='ltr'><em>άνδρες,’</em></span> <span class='ocrx_word' id='word_1_87' title='bbox 988 1295 1088 1383; x_wconf 87' lang='grc' dir='ltr'><em>Ιαγρὸν</em></span> <span class='ocrx_word' id='word_1_88' title='bbox 1119 1298 1230 1381; x_wconf 69' lang='grc' dir='ltr'><em>μὲνδὸ</em></span> 
     </span>
     <span class='ocr_line' id='line_1_12' title="bbox 100 1391 1178 1486; baseline 0.005 -24"><span class='ocrx_word' id='word_1_89' title='bbox 100 1399 248 1486; x_wconf 77' lang='grc' dir='ltr'><em>Φλυῆσι,</em></span> <span class='ocrx_word' id='word_1_90' title='bbox 278 1398 335 1463; x_wconf 84' lang='grc' dir='ltr'><em>καὶ</em></span> <span class='ocrx_word' id='word_1_91' title='bbox 362 1396 525 1463; x_wconf 82' lang='grc' dir='ltr'><em>ταλάντου</em></span> <span class='ocrx_word' id='word_1_92' title='bbox 549 1395 674 1484; x_wconf 76' lang='grc' dir='ltr'><em>ῥᾳδίως</em></span> <span class='ocrx_word' id='word_1_93' title='bbox 697 1391 800 1478; x_wconf 86' lang='grc' dir='ltr'><em>άξιον,</em></span> <span class='ocrx_word' id='word_1_94' title='bbox 832 1396 940 1474; x_wconf 81' lang='grc' dir='ltr'><em>οἰκίας</em></span> <span class='ocrx_word' id='word_1_95' title='bbox 968 1391 1000 1463; x_wconf 77' lang='grc' dir='ltr'><em>δ’</em></span> <span class='ocrx_word' id='word_1_96' title='bbox 1026 1397 1060 1465; x_wconf 81' lang='grc' dir='ltr'><em>ἐν</em></span> <span class='ocrx_word' id='word_1_97' title='bbox 1084 1394 1178 1468; x_wconf 79' lang='grc' dir='ltr'><em>άστει</em></span> 
     </span>
     <span class='ocr_line' id='line_1_13' title="bbox 99 1496 1235 1588; baseline 0.004 -24"><span class='ocrx_word' id='word_1_98' title='bbox 99 1498 170 1581; x_wconf 90' lang='grc' dir='ltr'><em>δύο,</em></span> <span class='ocrx_word' id='word_1_99' title='bbox 192 1497 251 1586; x_wconf 88' lang='grc' dir='ltr'><em>τῆν</em></span> <span class='ocrx_word' id='word_1_100' title='bbox 272 1498 333 1583; x_wconf 81' lang='grc' dir='ltr'><em>μὲν</em></span> <span class='ocrx_word' id='word_1_101' title='bbox 355 1503 436 1581; x_wconf 90' lang='grc' dir='ltr'><em>μίαν</em></span> <span class='ocrx_word' id='word_1_102' title='bbox 458 1501 755 1588; x_wconf 77' lang='grc' dir='ltr'><em>μισθοφορούσαν,</em></span> <span class='ocrx_word' id='word_1_103' title='bbox 785 1497 880 1584; x_wconf 84' lang='grc' dir='ltr'><em>παρὰ</em></span> <span class='ocrx_word' id='word_1_104' title='bbox 907 1496 945 1564; x_wconf 87' lang='grc' dir='ltr'><em>τό</em></span> <span class='ocrx_word' id='word_1_105' title='bbox 970 1498 1004 1564; x_wconf 89' lang='grc' dir='ltr'><em>έν</em></span> <span class='ocrx_word' id='word_1_106' title='bbox 1026 1506 1179 1584; x_wconf 83' lang='grc' dir='ltr'><em>Λίμναις</em></span> <span class='ocrx_word' id='word_1_107' title='bbox 1230 1578 1235 1587; x_wconf 44' lang='grc'><em>,</em></span> 
     </span>
     <span class='ocr_line' id='line_1_14' title="bbox 98 1593 1178 1689; baseline 0.004 -25"><span class='ocrx_word' id='word_1_108' title='bbox 98 1599 290 1681; x_wconf 90' lang='grc' dir='ltr'><em>Διονύσιον,</em></span> <span class='ocrx_word' id='word_1_109' title='bbox 314 1599 479 1681; x_wconf 84' lang='grc' dir='ltr'><em>δισχιλίας</em></span> <span class='ocrx_word' id='word_1_110' title='bbox 502 1595 727 1686; x_wconf 84' lang='grc' dir='ltr'><em>εύρίσκουσαν,</em></span> <span class='ocrx_word' id='word_1_111' title='bbox 750 1597 810 1686; x_wconf 88' lang='grc' dir='ltr'><em>τῆν</em></span> <span class='ocrx_word' id='word_1_112' title='bbox 833 1593 865 1665; x_wconf 79' lang='grc' dir='ltr'><em>δ’</em></span> <span class='ocrx_word' id='word_1_113' title='bbox 884 1599 1008 1687; x_wconf 78' lang='grc' dir='ltr'><em>ἑτέραν,</em></span> <span class='ocrx_word' id='word_1_114' title='bbox 1033 1599 1067 1668; x_wconf 78' lang='grc' dir='ltr'><em>ἐν</em></span> <span class='ocrx_word' id='word_1_115' title='bbox 1081 1597 1102 1689; x_wconf 84' lang='grc' dir='ltr'><em>ᾗ</em></span> <span class='ocrx_word' id='word_1_116' title='bbox 1118 1595 1178 1668; x_wconf 86' lang='grc' dir='ltr'><em>αύ-</em></span> 
     </span>
     <span class='ocr_line' id='line_1_15' title="bbox 97 1694 1177 1789; baseline 0.004 -23"><span class='ocrx_word' id='word_1_117' title='bbox 97 1699 158 1780; x_wconf 89' lang='grc' dir='ltr'><em>τός</em></span> <span class='ocrx_word' id='word_1_118' title='bbox 180 1695 268 1788; x_wconf 76' lang='grc' dir='ltr'><em>ᾤκει,</em></span> <span class='ocrx_word' id='word_1_119' title='bbox 288 1704 390 1789; x_wconf 80' lang='grc' dir='ltr'><em>τριῶν</em></span> <span class='ocrx_word' id='word_1_120' title='bbox 404 1703 461 1767; x_wconf 88' lang='grc' dir='ltr'><em>καὶ</em></span> <span class='ocrx_word' id='word_1_121' title='bbox 484 1700 562 1767; x_wconf 83' lang='grc' dir='ltr'><em>δέκα</em></span> <span class='ocrx_word' id='word_1_122' title='bbox 575 1705 683 1786; x_wconf 82' lang='grc' dir='ltr'><em>μνιῦν·</em></span> <span class='ocrx_word' id='word_1_123' title='bbox 707 1701 757 1768; x_wconf 78' lang='grc' dir='ltr'><em>’έτι</em></span> <span class='ocrx_word' id='word_1_124' title='bbox 779 1701 815 1767; x_wconf 80' lang='grc' dir='ltr'><em>δὲ</em></span> <span class='ocrx_word' id='word_1_125' title='bbox 831 1694 1027 1788; x_wconf 86' lang='grc' dir='ltr'><em>άνδράποδα</em></span> <span class='ocrx_word' id='word_1_126' title='bbox 1048 1709 1177 1787; x_wconf 73' lang='grc' dir='ltr'><em>μισθο-</em></span> 
     </span>
     <span class='ocr_line' id='line_1_16' title="bbox 97 1801 1176 1892; baseline 0.001 -22"><span class='ocrx_word' id='word_1_127' title='bbox 97 1805 268 1892; x_wconf 83' lang='grc' dir='ltr'><em>φοροῦντα</em></span> <span class='ocrx_word' id='word_1_128' title='bbox 288 1805 345 1869; x_wconf 87' lang='grc' dir='ltr'><em>καί</em></span> <span class='ocrx_word' id='word_1_129' title='bbox 368 1801 427 1869; x_wconf 89' lang='grc' dir='ltr'><em>δύο</em></span> <span class='ocrx_word' id='word_1_130' title='bbox 449 1807 665 1890; x_wconf 74' lang='grc' dir='ltr'><em>θεραπαίνας</em></span> <span class='ocrx_word' id='word_1_131' title='bbox 679 1806 734 1870; x_wconf 86' lang='grc' dir='ltr'><em>καὶ</em></span> <span class='ocrx_word' id='word_1_132' title='bbox 757 1804 948 1892; x_wconf 80' lang='grc' dir='ltr'><em>παιδίσκην,</em></span> <span class='ocrx_word' id='word_1_133' title='bbox 971 1806 1029 1871; x_wconf 86' lang='grc' dir='ltr'><em>καὶ</em></span> <span class='ocrx_word' id='word_1_134' title='bbox 1045 1804 1176 1872; x_wconf 77' lang='grc' dir='ltr'><em>’έπιπλα</em></span> 
     </span>
     <span class='ocr_line' id='line_1_17' title="bbox 96 1897 1175 1992; baseline 0.004 -22"><span class='ocrx_word' id='word_1_135' title='bbox 96 1897 145 1972; x_wconf 76' lang='grc' dir='ltr'><em>δι’</em></span> <span class='ocrx_word' id='word_1_136' title='bbox 164 1897 212 1970; x_wconf 73' lang='grc' dir='ltr'><em>οἷν</em></span> <span class='ocrx_word' id='word_1_137' title='bbox 233 1899 312 1990; x_wconf 78' lang='grc' dir='ltr'><em>ᾤκει</em></span> <span class='ocrx_word' id='word_1_138' title='bbox 333 1902 393 1992; x_wconf 89' lang='grc' dir='ltr'><em>τῆν</em></span> <span class='ocrx_word' id='word_1_139' title='bbox 412 1903 529 1987; x_wconf 84' lang='grc' dir='ltr'><em>οἰκίαν,</em></span> <span class='ocrx_word' id='word_1_140' title='bbox 553 1903 669 1988; x_wconf 87' lang='grc' dir='ltr'><em>σχεδὸν</em></span> <span class='ocrx_word' id='word_1_141' title='bbox 685 1904 744 1972; x_wconf 84' lang='grc' dir='ltr'><em>σύν</em></span> <span class='ocrx_word' id='word_1_142' title='bbox 759 1919 831 1982; x_wconf 92' lang='grc' dir='ltr'><em>τοῖς</em></span> <span class='ocrx_word' id='word_1_143' title='bbox 854 1899 1082 1992; x_wconf 76' lang='grc' dir='ltr'><em>ἀνδραπόδοις</em></span> <span class='ocrx_word' id='word_1_144' title='bbox 1097 1902 1175 1986; x_wconf 84' lang='grc' dir='ltr'><em>άξια</em></span> 
     </span>
     <span class='ocr_line' id='line_1_18' title="bbox 94 1994 1175 2096; baseline 0 -24"><span class='ocrx_word' id='word_1_145' title='bbox 94 2006 308 2094; x_wconf 85' lang='grc' dir='ltr'><em>τρισκαίδεκα</em></span> <span class='ocrx_word' id='word_1_146' title='bbox 329 2010 435 2092; x_wconf 82' lang='grc' dir='ltr'><em>μνῶν·</em></span> <span class='ocrx_word' id='word_1_147' title='bbox 460 2006 639 2091; x_wconf 91' lang='grc' dir='ltr'><em>σύμπαντα</em></span> <span class='ocrx_word' id='word_1_148' title='bbox 661 2008 697 2074; x_wconf 81' lang='grc' dir='ltr'><em>δὲ</em></span> <span class='ocrx_word' id='word_1_149' title='bbox 719 1999 783 2075; x_wconf 78' lang='grc' dir='ltr'><em>ὅσα</em></span> <span class='ocrx_word' id='word_1_150' title='bbox 806 2007 935 2096; x_wconf 87' lang='grc' dir='ltr'><em>φανερὰ</em></span> <span class='ocrx_word' id='word_1_151' title='bbox 956 1994 1005 2095; x_wconf 84' lang='grc' dir='ltr'><em>ῆν,</em></span> <span class='ocrx_word' id='word_1_152' title='bbox 1027 2009 1131 2075; x_wconf 88' lang='grc' dir='ltr'><em>πλέον</em></span> <span class='ocrx_word' id='word_1_153' title='bbox 1154 1998 1175 2072; x_wconf 71' lang='grc' dir='ltr'><em>ό</em></span> 
     </span>
     <span class='ocr_line' id='line_1_19' title="bbox 97 2102 1173 2197; baseline 0.002 -23"><span class='ocrx_word' id='word_1_154' title='bbox 97 2105 290 2197; x_wconf 74' lang='grc' dir='ltr'><em>ἐνενήκοντα</em></span> <span class='ocrx_word' id='word_1_155' title='bbox 311 2112 420 2192; x_wconf 81' lang='grc' dir='ltr'><em>μναῖν·</em></span> <span class='ocrx_word' id='word_1_156' title='bbox 440 2111 544 2196; x_wconf 86' lang='grc' dir='ltr'><em>χωρὶς</em></span> <span class='ocrx_word' id='word_1_157' title='bbox 568 2108 603 2175; x_wconf 82' lang='grc' dir='ltr'><em>δὲ</em></span> <span class='ocrx_word' id='word_1_158' title='bbox 617 2108 744 2181; x_wconf 89' lang='grc' dir='ltr'><em>τούτων</em></span> <span class='ocrx_word' id='word_1_159' title='bbox 767 2109 972 2192; x_wconf 90' lang='grc' dir='ltr'><em>δανείσματα</em></span> <span class='ocrx_word' id='word_1_160' title='bbox 988 2103 1045 2176; x_wconf 76' lang='grc' dir='ltr'><em>οὐκ</em></span> <span class='ocrx_word' id='word_1_161' title='bbox 1068 2102 1173 2196; x_wconf 82' lang='grc' dir='ltr'><em>ὀλίγα,</em></span> 
     </span>
     <span class='ocr_line' id='line_1_20' title="bbox 96 2202 1226 2299; baseline 0 -21"><span class='ocrx_word' id='word_1_162' title='bbox 96 2202 158 2298; x_wconf 74' lang='grc' dir='ltr'><em>άφ’</em></span> <span class='ocrx_word' id='word_1_163' title='bbox 185 2203 231 2277; x_wconf 81' lang='grc' dir='ltr'><em>ὦν</em></span> <span class='ocrx_word' id='word_1_164' title='bbox 254 2207 378 2287; x_wconf 74' lang='grc' dir='ltr'><em>ἐκεῖνος</em></span> <span class='ocrx_word' id='word_1_165' title='bbox 404 2210 521 2288; x_wconf 88' lang='grc' dir='ltr'><em>τόκους</em></span> <span class='ocrx_word' id='word_1_166' title='bbox 544 2208 720 2295; x_wconf 76' lang='grc' dir='ltr'><em>ἐλάμβανε.</em></span> <span class='ocrx_word' id='word_1_167' title='bbox 769 2211 902 2288; x_wconf 80' lang='grc' dir='ltr'><em>τούτοις</em></span> <span class='ocrx_word' id='word_1_168' title='bbox 921 2213 1066 2299; x_wconf 82' lang='grc' dir='ltr'><em>Διοκλῆς</em></span> <span class='ocrx_word' id='word_1_169' title='bbox 1087 2210 1173 2296; x_wconf 82' lang='grc' dir='ltr'><em>μετὰ</em></span> <span class='ocrx_word' id='word_1_170' title='bbox 1187 2225 1226 2286; x_wconf 72' lang='lat' dir='ltr'><em>8ss</em></span> 
     </span>
     <span class='ocr_line' id='line_1_21' title="bbox 93 2304 1174 2401; baseline 0.002 -22"><span class='ocrx_word' id='word_1_171' title='bbox 93 2315 152 2400; x_wconf 88' lang='grc' dir='ltr'><em>τῆς</em></span> <span class='ocrx_word' id='word_1_172' title='bbox 175 2304 324 2401; x_wconf 83' lang='grc' dir='ltr'><em>άδελφῆς</em></span> <span class='ocrx_word' id='word_1_173' title='bbox 343 2314 348 2398; x_wconf 89' lang='grc' dir='ltr'>Ι</span> <span class='ocrx_word' id='word_1_174' title='bbox 366 2312 476 2380; x_wconf 89' lang='grc' dir='ltr'><em>πάλαι</em></span> <span class='ocrx_word' id='word_1_175' title='bbox 499 2311 724 2396; x_wconf 75' lang='grc' dir='ltr'><em>ἐπεβούλευεν,</em></span> <span class='ocrx_word' id='word_1_176' title='bbox 748 2311 864 2400; x_wconf 74' lang='grc' dir='ltr'><em>ἐπειδὴ</em></span> <span class='ocrx_word' id='word_1_177' title='bbox 880 2312 1020 2396; x_wconf 90' lang='grc' dir='ltr'><em>τάχιστα</em></span> <span class='ocrx_word' id='word_1_178' title='bbox 1036 2314 1068 2380; x_wconf 82' lang='grc' dir='ltr'><em>σί</em></span> <span class='ocrx_word' id='word_1_179' title='bbox 1090 2327 1174 2382; x_wconf 87' lang='grc' dir='ltr'><em>παῖ-</em></span> 
     </span>
     <span class='ocr_line' id='line_1_22' title="bbox 96 2409 1173 2504; baseline 0.001 -23"><span class='ocrx_word' id='word_1_180' title='bbox 96 2414 151 2493; x_wconf 87' lang='grc' dir='ltr'><em>δες</em></span> <span class='ocrx_word' id='word_1_181' title='bbox 173 2415 207 2480; x_wconf 79' lang='grc' dir='ltr'><em>οἱ</em></span> <span class='ocrx_word' id='word_1_182' title='bbox 229 2420 382 2502; x_wconf 89' lang='grc' dir='ltr'><em>Κίρωνος</em></span> <span class='ocrx_word' id='word_1_183' title='bbox 405 2412 630 2503; x_wconf 75' lang='grc' dir='ltr'><em>ἐτελεύτησαν.</em></span> <span class='ocrx_word' id='word_1_184' title='bbox 675 2412 800 2504; x_wconf 73' lang='grc' dir='ltr'><em>ἐκείνην</em></span> <span class='ocrx_word' id='word_1_185' title='bbox 821 2413 966 2501; x_wconf 81' lang='grc' dir='ltr'><em>μὲνγὰρ</em></span> <span class='ocrx_word' id='word_1_186' title='bbox 989 2409 1046 2482; x_wconf 86' lang='grc' dir='ltr'><em>ούκ</em></span> <span class='ocrx_word' id='word_1_187' title='bbox 1068 2414 1173 2493; x_wconf 86' lang='grc' dir='ltr'><em>έξεδί-</em></span> 
     </span>
     <span class='ocr_line' id='line_1_23' title="bbox 97 2509 1252 2605; baseline 0 -22"><span class='ocrx_word' id='word_1_188' title='bbox 97 2514 155 2583; x_wconf 90' lang='grc' dir='ltr'><em>δου</em></span> <span class='ocrx_word' id='word_1_189' title='bbox 187 2516 371 2605; x_wconf 80' lang='grc' dir='ltr'><em>δυναμένην</em></span> <span class='ocrx_word' id='word_1_190' title='bbox 398 2515 449 2583; x_wconf 85' lang='grc' dir='ltr'><em>έτι</em></span> <span class='ocrx_word' id='word_1_191' title='bbox 476 2529 581 2583; x_wconf 86' lang='grc' dir='ltr'><em>τεκεῖν</em></span> <span class='ocrx_word' id='word_1_192' title='bbox 610 2516 738 2593; x_wconf 87' lang='grc' dir='ltr'><em>παῖδας</em></span> <span class='ocrx_word' id='word_1_193' title='bbox 760 2514 797 2594; x_wconf 77' lang='grc' dir='ltr'><em>ἐξ</em></span> <span class='ocrx_word' id='word_1_194' title='bbox 822 2515 934 2602; x_wconf 82' lang='grc' dir='ltr'><em>ἑτέρου</em></span> <span class='ocrx_word' id='word_1_195' title='bbox 958 2509 1092 2602; x_wconf 89' lang='grc' dir='ltr'><em>άνδρός,</em></span> <span class='ocrx_word' id='word_1_196' title='bbox 1116 2517 1173 2583; x_wconf 79' lang='grc' dir='ltr'><em>ἵνα</em></span> <span class='ocrx_word' id='word_1_197' title='bbox 1245 2588 1252 2600; x_wconf 21' lang='grc' dir='ltr'><em>ρ</em></span> 
     </span>
     <span class='ocr_line' id='line_1_24' title="bbox 93 2613 1171 2707; baseline 0 -23"><span class='ocrx_word' id='word_1_198' title='bbox 93 2616 138 2707; x_wconf 86' lang='grc' dir='ltr'><em>μῆ</em></span> <span class='ocrx_word' id='word_1_199' title='bbox 165 2623 394 2706; x_wconf 71' lang='grc' dir='ltr'><em>χωρισθείσης</em></span> <span class='ocrx_word' id='word_1_200' title='bbox 423 2619 503 2704; x_wconf 82' lang='grc' dir='ltr'><em>περὶ</em></span> <span class='ocrx_word' id='word_1_201' title='bbox 531 2620 598 2683; x_wconf 74' lang='grc' dir='ltr'><em>ταῖν</em></span> <span class='ocrx_word' id='word_1_202' title='bbox 632 2613 733 2684; x_wconf 80' lang='grc' dir='ltr'><em>αὑτοῦ</em></span> <span class='ocrx_word' id='word_1_203' title='bbox 765 2617 983 2702; x_wconf 87' lang='grc' dir='ltr'><em>βουλεύσαιτο</em></span> <span class='ocrx_word' id='word_1_204' title='bbox 1012 2617 1171 2703; x_wconf 70' lang='grc' dir='ltr'><em>καθάπερ</em></span> 
     </span>
     <span class='ocr_line' id='line_1_25' title="bbox 93 2713 1170 2810; baseline 0.002 -24"><span class='ocrx_word' id='word_1_205' title='bbox 93 2722 277 2808; x_wconf 87' lang='grc' dir='ltr'><em>προσῆκεν,</em></span> <span class='ocrx_word' id='word_1_206' title='bbox 307 2718 429 2786; x_wconf 72' lang='grc' dir='ltr'><em>ἐ’πειθε</em></span> <span class='ocrx_word' id='word_1_207' title='bbox 462 2718 498 2784; x_wconf 80' lang='grc' dir='ltr'><em>δὲ</em></span> <span class='ocrx_word' id='word_1_208' title='bbox 525 2723 636 2802; x_wconf 87' lang='grc' dir='ltr'><em>μένειν</em></span> <span class='ocrx_word' id='word_1_209' title='bbox 666 2720 861 2810; x_wconf 82' lang='grc' dir='ltr'><em>φάσκουσαν</em></span> <span class='ocrx_word' id='word_1_210' title='bbox 890 2719 927 2798; x_wconf 78' lang='grc' dir='ltr'><em>ἐξ</em></span> <span class='ocrx_word' id='word_1_211' title='bbox 954 2713 1054 2786; x_wconf 84' lang='grc' dir='ltr'><em>αότού</em></span> <span class='ocrx_word' id='word_1_212' title='bbox 1080 2734 1170 2788; x_wconf 87' lang='grc' dir='ltr'><em>κυεῖν</em></span> 
     </span>
     <span class='ocr_line' id='line_1_26' title="bbox 94 2815 1166 2950; baseline 0.001 -61"><span class='ocrx_word' id='word_1_213' title='bbox 94 2821 249 2903; x_wconf 73' lang='grc' dir='ltr'><em>οἴεσθαι,</em></span> <span class='ocrx_word' id='word_1_214' title='bbox 277 2824 577 2950; x_wconf 88' lang='grc' dir='ltr'><em>προσποιουμένην</em></span> <span class='ocrx_word' id='word_1_215' title='bbox 610 2820 647 2886; x_wconf 79' lang='grc' dir='ltr'><em>δέ</em></span> <span class='ocrx_word' id='word_1_216' title='bbox 680 2821 895 2944; x_wconf 72' lang='grc' dir='ltr'><em>διαφθείρειν</em></span> <span class='ocrx_word' id='word_1_217' title='bbox 926 2817 1085 2904; x_wconf 88' lang='grc' dir='ltr'><em>άκουσαν,</em></span> <span class='ocrx_word' id='word_1_218' title='bbox 1119 2815 1166 2890; x_wconf 74' lang='grc' dir='ltr'><em>ἵν’</em></span> 
     </span>
     <span class='ocr_line' id='line_1_27' title="bbox 76 2916 1170 3051; baseline 0 -60"><span class='ocrx_word' id='word_1_219' title='bbox 76 2916 288 3013; x_wconf 32' lang='grc' dir='ltr'><em>,έλπίζων’</em></span> <span class='ocrx_word' id='word_1_220' title='bbox 270 2927 324 2991; x_wconf 89' lang='grc' dir='ltr'><em>αεὶ</em></span> <span class='ocrx_word' id='word_1_221' title='bbox 356 2922 563 3051; x_wconf 71' lang='grc' dir='ltr'><em>γενήσεσθαι</em></span> <span class='ocrx_word' id='word_1_222' title='bbox 590 2924 718 3002; x_wconf 92' lang='grc' dir='ltr'><em>παῖδας</em></span> <span class='ocrx_word' id='word_1_223' title='bbox 748 2920 838 3010; x_wconf 69' lang='grc' dir='ltr'><em>αὕτη]</em></span> <span class='ocrx_word' id='word_1_224' title='bbox 866 2921 1096 3014; x_wconf 53' lang='grc' dir='ltr'><em>μηδέτερον(</em></span> <span class='ocrx_word' id='word_1_225' title='bbox 1076 2950 1170 3012; x_wconf 91' lang='grc' dir='ltr'><em>ημων</em></span> 
     </span>
     <span class='ocr_line' id='line_1_28' title="bbox 93 3019 1169 3115; baseline -0.001 -22"><span class='ocrx_word' id='word_1_226' title='bbox 93 3025 435 3113; x_wconf 60' lang='grc' dir='ltr'><em>είσποιήσαιτούιόν·</em></span> <span class='ocrx_word' id='word_1_227' title='bbox 457 3024 586 3093; x_wconf 86' lang='grc' dir='ltr'><em>καὶτὸν</em></span> <span class='ocrx_word' id='word_1_228' title='bbox 601 3030 733 3115; x_wconf 87' lang='grc' dir='ltr'><em>πατέρα</em></span> <span class='ocrx_word' id='word_1_229' title='bbox 756 3019 962 3110; x_wconf 91' lang='grc' dir='ltr'><em>διέβαλλεν</em></span> <span class='ocrx_word' id='word_1_230' title='bbox 944 3031 1006 3106; x_wconf 90' lang='grc' dir='ltr'><em>αεί,</em></span> <span class='ocrx_word' id='word_1_231' title='bbox 1031 3025 1169 3114; x_wconf 91' lang='grc' dir='ltr'><em>φάσκων</em></span> 
     </span>
     <span class='ocr_line' id='line_1_29' title="bbox 93 3120 1221 3214; baseline -0.003 -19"><span class='ocrx_word' id='word_1_232' title='bbox 93 3120 194 3195; x_wconf 82' lang='grc' dir='ltr'><em>αύτδν</em></span> <span class='ocrx_word' id='word_1_233' title='bbox 216 3125 446 3213; x_wconf 71' lang='grc' dir='ltr'><em>ἐπιβουλεύειν</em></span> <span class='ocrx_word' id='word_1_234' title='bbox 468 3141 540 3204; x_wconf 88' lang='grc' dir='ltr'><em>τοῖς</em></span> <span class='ocrx_word' id='word_1_235' title='bbox 568 3126 703 3211; x_wconf 77' lang='grc' dir='ltr'><em>ἐκείνου.</em></span> <span class='ocrx_word' id='word_1_236' title='bbox 753 3125 795 3193; x_wconf 91' lang='grc' dir='ltr'><em>τά</em></span> <span class='ocrx_word' id='word_1_237' title='bbox 817 3152 854 3193; x_wconf 87' lang='grc' dir='ltr'><em>τε</em></span> <span class='ocrx_word' id='word_1_238' title='bbox 876 3125 933 3193; x_wconf 89' lang='grc' dir='ltr'><em>ούν</em></span> <span class='ocrx_word' id='word_1_239' title='bbox 951 3131 1033 3214; x_wconf 79' lang='grc' dir='ltr'><em>χρέα</em></span> <span class='ocrx_word' id='word_1_240' title='bbox 1056 3125 1168 3209; x_wconf 88' lang='grc' dir='ltr'><em>πάντα</em></span> <span class='ocrx_word' id='word_1_241' title='bbox 1185 3141 1221 3199; x_wconf 69' lang='lat'><em>87</em></span> 
     </span>
     <span class='ocr_line' id='line_1_30' title="bbox 92 3213 1168 3318; baseline -0.003 -20"><span class='ocrx_word' id='word_1_242' title='bbox 92 3221 157 3298; x_wconf 82' lang='grc' dir='ltr'><em>όσα</em></span> <span class='ocrx_word' id='word_1_243' title='bbox 179 3222 269 3318; x_wconf 90' lang='grc' dir='ltr'><em>ωφεί</em></span> <span class='ocrx_word' id='word_1_244' title='bbox 256 3232 344 3297; x_wconf 83' lang='grc' dir='ltr'><em>ίλετο</em></span> <span class='ocrx_word' id='word_1_245' title='bbox 376 3222 474 3315; x_wconf 79' lang='grc' dir='ltr'><em>αύτῷ,</em></span> <span class='ocrx_word' id='word_1_246' title='bbox 502 3231 559 3295; x_wconf 83' lang='grc' dir='ltr'><em>καί</em></span> <span class='ocrx_word' id='word_1_247' title='bbox 581 3227 685 3316; x_wconf 84' lang='grc' dir='ltr'><em>(τούς)</em></span> <span class='ocrx_word' id='word_1_248' title='bbox 706 3228 822 3306; x_wconf 90' lang='grc' dir='ltr'><em>τόκους</em></span> <span class='ocrx_word' id='word_1_249' title='bbox 851 3213 1034 3295; x_wconf 72' lang='grc' dir='ltr'><em>ἐ’πειθε...</em></span> <span class='ocrx_word' id='word_1_250' title='bbox 1036 3228 1110 3309; x_wconf 91' lang='grc' dir='ltr'><em>,τά</em></span> <span class='ocrx_word' id='word_1_251' title='bbox 1132 3253 1168 3296; x_wconf 90' lang='grc' dir='ltr'><em>τε</em></span> 
     </span>
    </p>
   </div>
   <div class='ocr_carea' id='block_1_5' title="bbox 89 3375 1194 4044">
    <p class='ocr_par' dir='ltr' id='par_1_5' title="bbox 89 3375 1194 4044">
     <span class='ocr_line' id='line_1_31' title="bbox 177 3375 1172 3452; baseline 0 -19"><span class='ocrx_word' id='word_1_252' title='bbox 177 3384 201 3433; x_wconf 77' lang='lat'><em>7.</em></span> <span class='ocrx_word' id='word_1_253' title='bbox 215 3383 231 3433; x_wconf 89' lang='lat'>8</span> <span class='ocrx_word' id='word_1_254' title='bbox 248 3376 330 3432; x_wconf 81' lang='grc' dir='ltr'><em>τοῦδέ</em></span> <span class='ocrx_word' id='word_1_255' title='bbox 344 3380 372 3452; x_wconf 90' lang='grc' dir='ltr'><em>γ’</em></span> <span class='ocrx_word' id='word_1_256' title='bbox 387 3377 464 3432; x_wconf 70' lang='grc' dir='ltr'><em>ὄντος</em></span> <span class='ocrx_word' id='word_1_257' title='bbox 481 3380 558 3433; x_wconf 86' lang='lat' dir='ltr'><strong>Rsk.:</strong></span> <span class='ocrx_word' id='word_1_258' title='bbox 575 3382 625 3432; x_wconf 77' lang='grc' dir='ltr'><em>τού</em></span> <span class='ocrx_word' id='word_1_259' title='bbox 642 3377 765 3452; x_wconf 75' lang='grc' dir='ltr'><em>λέγοντος</em></span> <span class='ocrx_word' id='word_1_260' title='bbox 824 3378 899 3434; x_wconf 69' lang='grc' dir='ltr'><em>ΒΜ</em></span> <span class='ocrx_word' id='word_1_261' title='bbox 917 3375 981 3446; x_wconf 84' lang='grc' dir='ltr'><em>ἡμῖν</em></span> <span class='ocrx_word' id='word_1_262' title='bbox 1002 3395 1049 3445; x_wconf 68' lang='grc' dir='ltr'><em>φα,</em></span> <span class='ocrx_word' id='word_1_263' title='bbox 1068 3396 1131 3434; x_wconf 81' lang='lat' dir='ltr'>corr.</span> <span class='ocrx_word' id='word_1_264' title='bbox 1152 3384 1172 3433; x_wconf 90' lang='lat'><em>1·</em></span> 
     </span>
     <span class='ocr_line' id='line_1_32' title="bbox 89 3459 1194 3533; baseline -0.003 -14"><span class='ocrx_word' id='word_1_265' title='bbox 89 3493 125 3506; x_wconf 89' lang='lat'><em>-</em></span> <span class='ocrx_word' id='word_1_266' title='bbox 140 3469 167 3519; x_wconf 84' lang='grc'><em>4.</em></span> <span class='ocrx_word' id='word_1_267' title='bbox 185 3469 201 3519; x_wconf 83' lang='grc'><strong>5</strong></span> <span class='ocrx_word' id='word_1_268' title='bbox 219 3459 379 3519; x_wconf 72' lang='grc' dir='ltr'><em>ἀνεπίδικον</em></span> <span class='ocrx_word' id='word_1_269' title='bbox 396 3465 472 3518; x_wconf 82' lang='lat' dir='ltr'>Rsk.:</span> <span class='ocrx_word' id='word_1_270' title='bbox 495 3461 620 3518; x_wconf 75' lang='grc' dir='ltr'><em>ἐπίδικον</em></span> <span class='ocrx_word' id='word_1_271' title='bbox 643 3495 677 3504; x_wconf 91' lang='grc'>-</span> <span class='ocrx_word' id='word_1_272' title='bbox 702 3469 718 3518; x_wconf 82' lang='grc'><strong>5</strong></span> <span class='ocrx_word' id='word_1_273' title='bbox 736 3464 839 3533; x_wconf 77' lang='grc' dir='ltr'><em>προτοῦ</em></span> <span class='ocrx_word' id='word_1_274' title='bbox 857 3463 918 3516; x_wconf 86' lang='lat' dir='ltr'><strong>Rsk.</strong></span> <span class='ocrx_word' id='word_1_275' title='bbox 943 3465 1005 3526; x_wconf 74' lang='lat' dir='ltr'><strong>(acc.</strong></span> <span class='ocrx_word' id='word_1_276' title='bbox 1025 3479 1073 3516; x_wconf 81' lang='lat' dir='ltr'><em>em.</em></span> <span class='ocrx_word' id='word_1_277' title='bbox 1093 3463 1166 3530; x_wconf 83' lang='lat' dir='ltr'><strong>Bk.):</strong></span> <span class='ocrx_word' id='word_1_278' title='bbox 1192 3464 1194 3469; x_wconf 51' lang='lat'><strong>¹</strong></span> 
     </span>
     <span class='ocr_line' id='line_1_33' title="bbox 91 3535 1167 3621; baseline -0.002 -19"><span class='ocrx_word' id='word_1_279' title='bbox 91 3547 197 3621; x_wconf 75' lang='grc' dir='ltr'><em>πρώτω</em></span> <span class='ocrx_word' id='word_1_280' title='bbox 220 3579 255 3588; x_wconf 91' lang='grc'><em>--</em></span> <span class='ocrx_word' id='word_1_281' title='bbox 277 3548 363 3602; x_wconf 81' lang='grc' dir='ltr'><em>θτδν</em></span> <span class='ocrx_word' id='word_1_282' title='bbox 380 3565 445 3603; x_wconf 82' lang='lat' dir='ltr'>corr.</span> <span class='ocrx_word' id='word_1_283' title='bbox 465 3554 492 3616; x_wconf 88' lang='lat'><em>1,</em></span> <span class='ocrx_word' id='word_1_284' title='bbox 510 3569 554 3603; x_wconf 89' lang='grc' dir='ltr'><em>τ..</em></span> <span class='ocrx_word' id='word_1_285' title='bbox 567 3565 605 3616; x_wconf 88' lang='lat' dir='ltr'><em>pr.</em></span> <span class='ocrx_word' id='word_1_286' title='bbox 627 3578 662 3589; x_wconf 95' lang='grc'>-</span> <span class='ocrx_word' id='word_1_287' title='bbox 687 3535 818 3600; x_wconf 77' lang='grc' dir='ltr'><em>Ἰτάλλαι</em></span> <span class='ocrx_word' id='word_1_288' title='bbox 837 3548 926 3600; x_wconf 77' lang='grc' dir='ltr'><em>ταῦτα</em></span> <span class='ocrx_word' id='word_1_289' title='bbox 942 3548 1011 3616; x_wconf 70' lang='grc' dir='ltr'><em>δύα,</em></span> <span class='ocrx_word' id='word_1_290' title='bbox 1027 3548 1062 3600; x_wconf 64' lang='lat' dir='ltr'><em>ft.</em></span> <span class='ocrx_word' id='word_1_291' title='bbox 1080 3537 1167 3601; x_wconf 74' lang='grc' dir='ltr'><em>τᾶλλα</em></span> 
     </span>
     <span class='ocr_line' id='line_1_34' title="bbox 91 3629 1167 3700; baseline -0.003 -13"><span class='ocrx_word' id='word_1_292' title='bbox 91 3631 184 3688; x_wconf 80' lang='grc' dir='ltr'><em>πάντα</em></span> <span class='ocrx_word' id='word_1_293' title='bbox 200 3663 235 3673; x_wconf 91' lang='grc'><strong>-</strong></span> <span class='ocrx_word' id='word_1_294' title='bbox 252 3629 334 3687; x_wconf 71' lang='grc' dir='ltr'><em>ταῦτ’</em></span> <span class='ocrx_word' id='word_1_295' title='bbox 349 3630 484 3700; x_wconf 72' lang='grc' dir='ltr'><em>ῆδηΒεΙι.;</em></span> <span class='ocrx_word' id='word_1_296' title='bbox 503 3632 589 3700; x_wconf 85' lang='grc' dir='ltr'><em>ταύτη</em></span> <span class='ocrx_word' id='word_1_297' title='bbox 607 3630 641 3700; x_wconf 84' lang='grc' dir='ltr'><em>δὴ</em></span> <span class='ocrx_word' id='word_1_298' title='bbox 691 3632 737 3688; x_wconf 76' lang='lat'><em>85.</em></span> <span class='ocrx_word' id='word_1_299' title='bbox 756 3636 810 3686; x_wconf 65' lang='grc' dir='ltr'><em>’δέ</em></span> <span class='ocrx_word' id='word_1_300' title='bbox 827 3633 948 3700; x_wconf 81' lang='lat' dir='ltr'><strong>Harpocr.</strong></span> <span class='ocrx_word' id='word_1_301' title='bbox 965 3647 990 3683; x_wconf 80' lang='lat' dir='ltr'><em>v·</em></span> <span class='ocrx_word' id='word_1_302' title='bbox 1003 3633 1034 3683; x_wconf 83' lang='grc' dir='ltr'><em>έν</em></span> <span class='ocrx_word' id='word_1_303' title='bbox 1046 3633 1167 3700; x_wconf 73' lang='grc' dir='ltr'><em>Λίμναις</em></span> 
     </span>
     <span class='ocr_line' id='line_1_35' title="bbox 92 3710 1166 3789; baseline -0.001 -20"><span class='ocrx_word' id='word_1_304' title='bbox 92 3715 251 3772; x_wconf 83' lang='grc' dir='ltr'><em>Διονύσιον·</em></span> <span class='ocrx_word' id='word_1_305' title='bbox 262 3710 356 3771; x_wconf 82' lang='grc' dir='ltr'><em>Ἰσαῖοε</em></span> <span class='ocrx_word' id='word_1_306' title='bbox 365 3722 427 3789; x_wconf 77' lang='grc' dir='ltr'><em>περὶ</em></span> <span class='ocrx_word' id='word_1_307' title='bbox 436 3719 485 3771; x_wconf 81' lang='grc' dir='ltr'><em>τοῦ</em></span> <span class='ocrx_word' id='word_1_308' title='bbox 494 3723 618 3789; x_wconf 74' lang='grc' dir='ltr'><em>Κίρωνος</em></span> <span class='ocrx_word' id='word_1_309' title='bbox 627 3715 724 3786; x_wconf 84' lang='grc' dir='ltr'><em>κλῆρον</em></span> <span class='ocrx_word' id='word_1_310' title='bbox 736 3745 770 3754; x_wconf 95' lang='grc'>-</span> <span class='ocrx_word' id='word_1_311' title='bbox 782 3712 918 3780; x_wconf 82' lang='grc' dir='ltr'><em>δυσχιλίαε</em></span> <span class='ocrx_word' id='word_1_312' title='bbox 926 3717 975 3780; x_wconf 80' lang='grc' dir='ltr'><em>(εἰσ</em></span> <span class='ocrx_word' id='word_1_313' title='bbox 983 3715 1028 3780; x_wconf 77' lang='grc' dir='ltr'><em>Α);</em></span> <span class='ocrx_word' id='word_1_314' title='bbox 1042 3715 1070 3768; x_wconf 79' lang='lat' dir='ltr'><em>ft.</em></span> <span class='ocrx_word' id='word_1_315' title='bbox 1080 3713 1166 3780; x_wconf 84' lang='grc' dir='ltr'><em>χιλίαε</em></span> 
     </span>
     <span class='ocr_line' id='line_1_36' title="bbox 90 3799 1165 3873; baseline -0.001 -16"><span class='ocrx_word' id='word_1_316' title='bbox 90 3831 124 3842; x_wconf 90' lang='grc'><strong>-</strong></span> <span class='ocrx_word' id='word_1_317' title='bbox 140 3808 165 3858; x_wconf 75' lang='grc' dir='ltr'><em>ὁ.</em></span> <span class='ocrx_word' id='word_1_318' title='bbox 178 3807 195 3857; x_wconf 85' lang='grc'><strong>6</strong></span> <span class='ocrx_word' id='word_1_319' title='bbox 213 3803 344 3873; x_wconf 77' lang='grc' dir='ltr'><em>μισδοφ.;</em></span> <span class='ocrx_word' id='word_1_320' title='bbox 363 3803 458 3856; x_wconf 82' lang='lat' dir='ltr'><strong>excidit</strong></span> <span class='ocrx_word' id='word_1_321' title='bbox 470 3819 597 3856; x_wconf 82' lang='lat' dir='ltr'><strong>numerus.</strong></span> <span class='ocrx_word' id='word_1_322' title='bbox 610 3802 657 3855; x_wconf 83' lang='lat' dir='ltr'><em>Bk.</em></span> <span class='ocrx_word' id='word_1_323' title='bbox 705 3801 778 3860; x_wconf 78' lang='lat'><strong>36..3</strong></span> <span class='ocrx_word' id='word_1_324' title='bbox 797 3799 826 3851; x_wconf 88' lang='grc' dir='ltr'><em>οἱ</em></span> <span class='ocrx_word' id='word_1_325' title='bbox 836 3804 895 3853; x_wconf 80' lang='lat' dir='ltr'><strong>ante</strong></span> <span class='ocrx_word' id='word_1_326' title='bbox 912 3805 1026 3869; x_wconf 84' lang='grc' dir='ltr'><em>κίρωνοε</em></span> <span class='ocrx_word' id='word_1_327' title='bbox 1037 3817 1058 3856; x_wconf 82' lang='lat' dir='ltr'><em>s.</em></span> <span class='ocrx_word' id='word_1_328' title='bbox 1069 3819 1093 3852; x_wconf 90' lang='lat' dir='ltr'><em>v.</em></span> <span class='ocrx_word' id='word_1_329' title='bbox 1106 3806 1117 3856; x_wconf 91' lang='lat'>1</span> <span class='ocrx_word' id='word_1_330' title='bbox 1132 3829 1165 3842; x_wconf 87' lang='lat'>-</span> 
     </span>
     <span class='ocr_line' id='line_1_37' title="bbox 92 3883 1164 3959; baseline 0.001 -19"><span class='ocrx_word' id='word_1_331' title='bbox 92 3889 108 3940; x_wconf 82' lang='lat'><strong>8</strong></span> <span class='ocrx_word' id='word_1_332' title='bbox 119 3884 258 3959; x_wconf 79' lang='grc' dir='ltr'><em>..δι’τιρον</em></span> <span class='ocrx_word' id='word_1_333' title='bbox 266 3905 312 3956; x_wconf 71' lang='grc' dir='ltr'><em>με,</em></span> <span class='ocrx_word' id='word_1_334' title='bbox 324 3907 361 3953; x_wconf 85' lang='grc' dir='ltr'><em>μη</em></span> <span class='ocrx_word' id='word_1_335' title='bbox 371 3891 398 3940; x_wconf 91' lang='lat' dir='ltr'><em>in</em></span> <span class='ocrx_word' id='word_1_336' title='bbox 409 3904 459 3940; x_wconf 83' lang='lat' dir='ltr'>ras.</span> <span class='ocrx_word' id='word_1_337' title='bbox 470 3904 534 3941; x_wconf 82' lang='grc' dir='ltr'><em>εοπ.</em></span> <span class='ocrx_word' id='word_1_338' title='bbox 547 3891 571 3940; x_wconf 76' lang='grc'><em>2.</em></span> <span class='ocrx_word' id='word_1_339' title='bbox 617 3887 659 3942; x_wconf 76' lang='grc'><em>37.</em></span> <span class='ocrx_word' id='word_1_340' title='bbox 670 3886 760 3939; x_wconf 68' lang='grc' dir='ltr'><em>λτοὺε</em></span> <span class='ocrx_word' id='word_1_341' title='bbox 768 3886 826 3939; x_wconf 82' lang='lat' dir='ltr'><strong>add.</strong></span> <span class='ocrx_word' id='word_1_342' title='bbox 838 3885 907 3940; x_wconf 81' lang='lat' dir='ltr'><em>Htw,</em></span> <span class='ocrx_word' id='word_1_343' title='bbox 916 3915 950 3926; x_wconf 96' lang='lat'>-</span> <span class='ocrx_word' id='word_1_344' title='bbox 961 3883 1054 3940; x_wconf 75' lang='grc' dir='ltr'><em>τόκους</em></span> <span class='ocrx_word' id='word_1_345' title='bbox 1066 3903 1129 3941; x_wconf 85' lang='lat' dir='ltr'><strong>corr.</strong></span> <span class='ocrx_word' id='word_1_346' title='bbox 1142 3893 1164 3950; x_wconf 80' lang='lat'><em>1.</em></span> 
     </span>
     <span class='ocr_line' id='line_1_38' title="bbox 90 3967 1164 4044; baseline 0 -20"><span class='ocrx_word' id='word_1_347' title='bbox 90 3967 186 4027; x_wconf 69' lang='grc' dir='ltr'><em>τέουε</em></span> <span class='ocrx_word' id='word_1_348' title='bbox 206 3989 244 4041; x_wconf 84' lang='lat' dir='ltr'><em>pr.</em></span> <span class='ocrx_word' id='word_1_349' title='bbox 262 4001 289 4012; x_wconf 95' lang='lat'>-</span> <span class='ocrx_word' id='word_1_350' title='bbox 312 3972 411 4026; x_wconf 70' lang='grc' dir='ltr'><em>ἔπειθε</em></span> <span class='ocrx_word' id='word_1_351' title='bbox 428 3968 604 4044; x_wconf 71' lang='grc' dir='ltr'><em>πράττεσθαι</em></span> <span class='ocrx_word' id='word_1_352' title='bbox 621 3971 683 4024; x_wconf 87' lang='lat' dir='ltr'><strong>Rsk.</strong></span> <span class='ocrx_word' id='word_1_353' title='bbox 701 4001 735 4010; x_wconf 93' lang='lat'><em>-</em></span> <span class='ocrx_word' id='word_1_354' title='bbox 752 3990 783 4024; x_wconf 81' lang='grc' dir='ltr'><em>τε</em></span> <span class='ocrx_word' id='word_1_355' title='bbox 800 3987 838 4038; x_wconf 82' lang='lat' dir='ltr'><em>pr.</em></span> <span class='ocrx_word' id='word_1_356' title='bbox 854 3973 898 4037; x_wconf 78' lang='lat' dir='ltr'><strong>(ci.</strong></span> <span class='ocrx_word' id='word_1_357' title='bbox 912 3971 1034 4038; x_wconf 78' lang='lat' dir='ltr'><strong>Sauppe),</strong></span> <span class='ocrx_word' id='word_1_358' title='bbox 1051 3989 1082 4041; x_wconf 80' lang='grc' dir='ltr'><em>γε</em></span> <span class='ocrx_word' id='word_1_359' title='bbox 1099 3987 1164 4024; x_wconf 82' lang='lat' dir='ltr'><strong>corr.</strong></span> 
     </span>
    </p>
   </div>
   <div class='ocr_carea' id='block_1_6' title="bbox 0 0 1318 4476">
    <p class='ocr_par' dir='ltr' id='par_1_6' title="bbox 0 0 1318 4476">
     <span class='ocr_line' id='line_1_39' title="bbox 0 0 1318 4476; baseline 0 2"><span class='ocrx_word' id='word_1_360' title='bbox 0 0 1318 4476; x_wconf 95' lang='lat' dir='ltr'><em> </em></span> 
     </span>
    </p>
   </div>
  </div>
 </body>
</html>
