<?xml version="1.0" encoding="UTF-8"?>
<!DOCTYPE html PUBLIC "-//W3C//DTD XHTML 1.0 Transitional//EN"
    "http://www.w3.org/TR/xhtml1/DTD/xhtml1-transitional.dtd">
<html xmlns="http://www.w3.org/1999/xhtml" xml:lang="en" lang="en">
 <head>
  <title>
</title>
<meta http-equiv="Content-Type" content="text/html;charset=utf-8" />
  <meta name='ocr-system' content='tesseract 3.04.00' />
  <meta name='ocr-capabilities' content='ocr_page ocr_carea ocr_par ocr_line ocrx_word'/>
</head>
<body>
  <div class='ocr_page' id='page_1' title='image "./isaeiorationesc00buergoog_0159.png"; bbox 0 0 2626 4476; ppageno 0'>
   <div class='ocr_carea' id='block_1_1' title="bbox 148 216 1219 280">
    <p class='ocr_par' dir='ltr' id='par_1_1' title="bbox 148 216 1219 280">
     <span class='ocr_line' id='line_1_1' title="bbox 148 216 1219 280; baseline 0 -2"><span class='ocrx_word' id='word_1_1' title='bbox 148 216 207 280; x_wconf 80' lang='lat'><strong><em>138</em></strong></span> <span class='ocrx_word' id='word_1_2' title='bbox 457 266 462 275; x_wconf 88' lang='lat'><strong>.</strong></span> <span class='ocrx_word' id='word_1_3' title='bbox 634 218 741 273; x_wconf 81' lang='grc' dir='ltr'>ΙΣΛΙΟΥ</span> <span class='ocrx_word' id='word_1_4' title='bbox 1142 237 1177 278; x_wconf 74' lang='grc' dir='ltr'><strong><em>οι.</em></strong></span> <span class='ocrx_word' id='word_1_5' title='bbox 1191 237 1219 278; x_wconf 87' lang='lat'><strong><em>11.</em></strong></span> 
     </span>
    </p>
   </div>
   <div class='ocr_carea' id='block_1_2' title="bbox 85 381 1221 3130">
    <p class='ocr_par' dir='ltr' id='par_1_2' title="bbox 145 381 1220 577">
     <span class='ocr_line' id='line_1_2' title="bbox 146 381 1219 477; baseline 0 -21"><span class='ocrx_word' id='word_1_6' title='bbox 146 383 199 457; x_wconf 78' lang='grc' dir='ltr'><strong><em>ὅτι</em></strong></span> <span class='ocrx_word' id='word_1_7' title='bbox 228 391 331 456; x_wconf 91' lang='grc' dir='ltr'><strong><em>πλέον</em></strong></span> <span class='ocrx_word' id='word_1_8' title='bbox 361 381 452 477; x_wconf 81' lang='grc' dir='ltr'><strong><em>εύροι</em></strong></span> <span class='ocrx_word' id='word_1_9' title='bbox 479 387 609 455; x_wconf 92' lang='grc' dir='ltr'><strong><em>τούτου.</em></strong></span> <span class='ocrx_word' id='word_1_10' title='bbox 663 384 759 456; x_wconf 75' lang='grc' dir='ltr'><strong><em>ταῦτ’</em></strong></span> <span class='ocrx_word' id='word_1_11' title='bbox 785 387 856 455; x_wconf 82' lang='grc' dir='ltr'><strong><em>ἐστὶ</em></strong></span> <span class='ocrx_word' id='word_1_12' title='bbox 885 394 962 475; x_wconf 91' lang='grc' dir='ltr'><strong><em>τρία</em></strong></span> <span class='ocrx_word' id='word_1_13' title='bbox 989 387 1139 455; x_wconf 90' lang='grc' dir='ltr'><strong><em>τάλαντα</em></strong></span> <span class='ocrx_word' id='word_1_14' title='bbox 1165 392 1219 456; x_wconf 81' lang='grc' dir='ltr'><strong><em>καὶ</em></strong></span> 
     </span>
     <span class='ocr_line' id='line_1_3' title="bbox 145 488 1220 577; baseline 0.002 -21"><span class='ocrx_word' id='word_1_15' title='bbox 145 492 403 577; x_wconf 81' lang='grc' dir='ltr'><strong><em>τετρακισχίλιοι</em></strong></span> <span class='ocrx_word' id='word_1_16' title='bbox 423 489 536 575; x_wconf 90' lang='grc' dir='ltr'><strong><em>μόνον,</em></strong></span> <span class='ocrx_word' id='word_1_17' title='bbox 567 491 645 557; x_wconf 88' lang='grc' dir='ltr'><strong><em>δέκα</em></strong></span> <span class='ocrx_word' id='word_1_18' title='bbox 666 493 722 557; x_wconf 84' lang='grc' dir='ltr'><strong><em>καὶ</em></strong></span> <span class='ocrx_word' id='word_1_19' title='bbox 746 489 861 557; x_wconf 81' lang='grc' dir='ltr'><strong><em>ἑκατὸν</em></strong></span> <span class='ocrx_word' id='word_1_20' title='bbox 883 503 982 574; x_wconf 81' lang='grc' dir='ltr'><strong><em>μναῖς</em></strong></span> <span class='ocrx_word' id='word_1_21' title='bbox 1008 488 1135 556; x_wconf 77' lang='grc' dir='ltr'><em>ἐλάττω</em></span> <span class='ocrx_word' id='word_1_22' title='bbox 1157 494 1220 558; x_wconf 81' lang='grc' dir='ltr'><strong><em>τῶν</em></strong></span> 
     </span>
    </p>

    <p class='ocr_par' dir='ltr' id='par_1_3' title="bbox 93 587 1221 680">
     <span class='ocr_line' id='line_1_4' title="bbox 93 587 1221 680; baseline 0.002 -22"><span class='ocrx_word' id='word_1_23' title='bbox 93 602 131 659; x_wconf 75' lang='grc'><strong><em>15</em></strong></span> <span class='ocrx_word' id='word_1_24' title='bbox 145 597 205 661; x_wconf 83' lang='grc' dir='ltr'><strong><em>τοῦ</em></strong></span> <span class='ocrx_word' id='word_1_25' title='bbox 226 593 359 672; x_wconf 87' lang='grc' dir='ltr'><strong><em>παιδός.</em></strong></span> <span class='ocrx_word' id='word_1_26' title='bbox 404 587 492 679; x_wconf 83' lang='grc' dir='ltr'><strong><em>κᾶγιδ</em></strong></span> <span class='ocrx_word' id='word_1_27' title='bbox 514 594 575 677; x_wconf 82' lang='grc' dir='ltr'><strong><em>μὲν</em></strong></span> <span class='ocrx_word' id='word_1_28' title='bbox 597 593 891 680; x_wconf 84' lang='grc' dir='ltr'><strong><em>έγκαταλογίζομαι</em></strong></span> <span class='ocrx_word' id='word_1_29' title='bbox 911 594 968 659; x_wconf 86' lang='grc' dir='ltr'><strong><em>καὶ</em></strong></span> <span class='ocrx_word' id='word_1_30' title='bbox 989 591 1032 660; x_wconf 83' lang='grc' dir='ltr'><strong><em>τά</em></strong></span> <span class='ocrx_word' id='word_1_31' title='bbox 1052 596 1114 660; x_wconf 82' lang='grc' dir='ltr'><strong><em>τού</em></strong></span> <span class='ocrx_word' id='word_1_32' title='bbox 1135 593 1221 672; x_wconf 79' lang='grc' dir='ltr'><strong><em>υἱέος</em></strong></span> 
     </span>
    </p>

    <p class='ocr_par' dir='ltr' id='par_1_4' title="bbox 90 687 1220 1394">
     <span class='ocr_line' id='line_1_5' title="bbox 90 687 1220 784; baseline -0.002 -21"><span class='ocrx_word' id='word_1_33' title='bbox 90 758 92 762; x_wconf 92' lang='grc'>.</span> <span class='ocrx_word' id='word_1_34' title='bbox 143 699 202 763; x_wconf 82' lang='grc' dir='ltr'><strong><em>τοῦ</em></strong></span> <span class='ocrx_word' id='word_1_35' title='bbox 225 694 464 784; x_wconf 72' lang='grc' dir='ltr'><strong><em>έκποιηθέντος</em></strong></span> <span class='ocrx_word' id='word_1_36' title='bbox 480 694 528 775; x_wconf 85' lang='grc' dir='ltr'><strong><em>εἰς</em></strong></span> <span class='ocrx_word' id='word_1_37' title='bbox 549 699 663 778; x_wconf 82' lang='grc' dir='ltr'><strong><em>ταῦτα,</em></strong></span> <span class='ocrx_word' id='word_1_38' title='bbox 686 709 758 772; x_wconf 89' lang='grc' dir='ltr'><strong><em>τοῖς</em></strong></span> <span class='ocrx_word' id='word_1_39' title='bbox 778 698 838 762; x_wconf 81' lang='grc' dir='ltr'><strong><em>τοῦ</em></strong></span> <span class='ocrx_word' id='word_1_40' title='bbox 860 694 985 773; x_wconf 88' lang='grc' dir='ltr'><strong><em>παιδὸς</em></strong></span> <span class='ocrx_word' id='word_1_41' title='bbox 1008 695 1044 761; x_wconf 80' lang='grc' dir='ltr'><strong><em>δὲ</em></strong></span> <span class='ocrx_word' id='word_1_42' title='bbox 1060 687 1099 761; x_wconf 84' lang='grc' dir='ltr'><strong><em>ού</em></strong></span> <span class='ocrx_word' id='word_1_43' title='bbox 1115 718 1220 782; x_wconf 91' lang='grc' dir='ltr'><strong><em>προσ-</em></strong></span> 
     </span>
     <span class='ocr_line' id='line_1_6' title="bbox 145 782 1218 887; baseline 0 -23"><span class='ocrx_word' id='word_1_44' title='bbox 145 803 251 887; x_wconf 73' lang='grc' dir='ltr'><strong><em>έθηκα</em></strong></span> <span class='ocrx_word' id='word_1_45' title='bbox 271 796 332 885; x_wconf 84' lang='grc' dir='ltr'><strong><em>τήν</em></strong></span> <span class='ocrx_word' id='word_1_46' title='bbox 356 800 556 885; x_wconf 77' lang='grc' dir='ltr'><strong><em>Θεοφαῖντος</em></strong></span> <span class='ocrx_word' id='word_1_47' title='bbox 579 790 706 878; x_wconf 85' lang='grc' dir='ltr'><strong><em>ούσίαν,</em></strong></span> <span class='ocrx_word' id='word_1_48' title='bbox 730 793 835 863; x_wconf 72' lang='grc' dir='ltr'><strong><em>πένθ’</em></strong></span> <span class='ocrx_word' id='word_1_49' title='bbox 852 792 1086 884; x_wconf 75' lang='grc' dir='ltr'><strong><em>ἡμιταλάντων</em></strong></span> <span class='ocrx_word' id='word_1_50' title='bbox 1110 782 1218 878; x_wconf 83' lang='grc' dir='ltr'><strong><em>ούσαν,</em></strong></span> 
     </span>
     <span class='ocr_line' id='line_1_7' title="bbox 145 887 1218 989; baseline -0.001 -23"><span class='ocrx_word' id='word_1_51' title='bbox 145 893 202 989; x_wconf 73' lang='grc' dir='ltr'><strong><em>ἐφ’</em></strong></span> <span class='ocrx_word' id='word_1_52' title='bbox 222 893 243 986; x_wconf 84' lang='grc' dir='ltr'><strong><em>ᾖ</em></strong></span> <span class='ocrx_word' id='word_1_53' title='bbox 267 898 450 987; x_wconf 77' lang='grc' dir='ltr'><strong><em>ἐποιήσατο</em></strong></span> <span class='ocrx_word' id='word_1_54' title='bbox 473 897 532 988; x_wconf 87' lang='grc' dir='ltr'><strong><em>τήν</em></strong></span> <span class='ocrx_word' id='word_1_55' title='bbox 556 891 703 988; x_wconf 74' lang='grc' dir='ltr'><strong><em>ἀδελφήν</em></strong></span> <span class='ocrx_word' id='word_1_56' title='bbox 726 891 827 965; x_wconf 75' lang='grc' dir='ltr'><strong><em>αὐτοῦ</em></strong></span> <span class='ocrx_word' id='word_1_57' title='bbox 835 917 842 931; x_wconf 92' lang='grc'><em>·</em></span> <span class='ocrx_word' id='word_1_58' title='bbox 867 899 992 987; x_wconf 82' lang='grc' dir='ltr'><strong><em>ῥηιδίως</em></strong></span> <span class='ocrx_word' id='word_1_59' title='bbox 1017 896 1080 986; x_wconf 83' lang='grc' dir='ltr'><strong><em>γὰρ</em></strong></span> <span class='ocrx_word' id='word_1_60' title='bbox 1105 887 1145 965; x_wconf 80' lang='grc' dir='ltr'><strong><em>άν</em></strong></span> <span class='ocrx_word' id='word_1_61' title='bbox 1168 894 1218 964; x_wconf 84' lang='grc' dir='ltr'><strong><em>εδ-</em></strong></span> 
     </span>
     <span class='ocr_line' id='line_1_8' title="bbox 144 994 1219 1091; baseline -0.002 -22"><span class='ocrx_word' id='word_1_62' title='bbox 144 1008 260 1091; x_wconf 77' lang='grc' dir='ltr'><strong><em>ρεθείη</em></strong></span> <span class='ocrx_word' id='word_1_63' title='bbox 288 1005 343 1069; x_wconf 83' lang='grc' dir='ltr'><strong><em>καὶ</em></strong></span> <span class='ocrx_word' id='word_1_64' title='bbox 372 995 453 1069; x_wconf 78' lang='grc' dir='ltr'><strong><em>ὀκτά</em></strong></span> <span class='ocrx_word' id='word_1_65' title='bbox 480 997 692 1068; x_wconf 84' lang='grc' dir='ltr'><strong><em>ταλάντωνὸ</em></strong></span> <span class='ocrx_word' id='word_1_66' title='bbox 719 1001 845 1068; x_wconf 89' lang='grc' dir='ltr'><strong><em>τούτων</em></strong></span> <span class='ocrx_word' id='word_1_67' title='bbox 875 997 979 1079; x_wconf 84' lang='grc' dir='ltr'><strong><em>οἶκος·</em></strong></span> <span class='ocrx_word' id='word_1_68' title='bbox 1010 994 1088 1068; x_wconf 77' lang='grc' dir='ltr'><strong><em>ἄλλ’</em></strong></span> <span class='ocrx_word' id='word_1_69' title='bbox 1115 1000 1219 1069; x_wconf 85' lang='grc' dir='ltr'><strong><em>έκεῖνα</em></strong></span> 
     </span>
     <span class='ocr_line' id='line_1_9' title="bbox 145 1096 1218 1192; baseline -0.001 -23"><span class='ocrx_word' id='word_1_70' title='bbox 145 1097 315 1192; x_wconf 71' lang='grc' dir='ltr'><strong><em>ἀφῄρηται</em></strong></span> <span class='ocrx_word' id='word_1_71' title='bbox 333 1110 446 1190; x_wconf 85' lang='grc' dir='ltr'><strong><em>χωρίς.</em></strong></span> <span class='ocrx_word' id='word_1_72' title='bbox 490 1096 590 1186; x_wconf 84' lang='grc' dir='ltr'><strong><em>κάμολ</em></strong></span> <span class='ocrx_word' id='word_1_73' title='bbox 613 1103 672 1186; x_wconf 78' lang='grc' dir='ltr'><strong><em>μέν</em></strong></span> <span class='ocrx_word' id='word_1_74' title='bbox 695 1099 712 1169; x_wconf 83' lang='grc' dir='ltr'>ὁ</span> <span class='ocrx_word' id='word_1_75' title='bbox 736 1104 855 1190; x_wconf 79' lang='grc' dir='ltr'><strong><em>κλῆρος</em></strong></span> <span class='ocrx_word' id='word_1_76' title='bbox 876 1101 914 1170; x_wconf 82' lang='grc' dir='ltr'><strong><em>ὃν</em></strong></span> <span class='ocrx_word' id='word_1_77' title='bbox 936 1098 1069 1189; x_wconf 79' lang='grc' dir='ltr'><strong><em>Ἁγνίας</em></strong></span> <span class='ocrx_word' id='word_1_78' title='bbox 1090 1104 1218 1168; x_wconf 90' lang='grc' dir='ltr'><strong><em>κατέλι-</em></strong></span> 
     </span>
     <span class='ocr_line' id='line_1_10' title="bbox 143 1199 1218 1292; baseline 0.002 -23"><span class='ocrx_word' id='word_1_79' title='bbox 143 1229 217 1286; x_wconf 90' lang='grc' dir='ltr'><strong><em>πεν,</em></strong></span> <span class='ocrx_word' id='word_1_80' title='bbox 241 1199 338 1282; x_wconf 83' lang='grc' dir='ltr'><strong><em>οὗτος</em></strong></span> <span class='ocrx_word' id='word_1_81' title='bbox 361 1200 456 1271; x_wconf 82' lang='grc' dir='ltr'><strong><em>ούπω</em></strong></span> <span class='ocrx_word' id='word_1_82' title='bbox 470 1203 608 1288; x_wconf 75' lang='grc' dir='ltr'><strong><em>βέβαιός</em></strong></span> <span class='ocrx_word' id='word_1_83' title='bbox 625 1203 718 1279; x_wconf 74' lang='grc' dir='ltr'><strong><em>,ἐστι’</em></strong></span> <span class='ocrx_word' id='word_1_84' title='bbox 744 1204 834 1272; x_wconf 81' lang='grc' dir='ltr'><strong><em>δίκαι</em></strong></span> <span class='ocrx_word' id='word_1_85' title='bbox 849 1202 912 1292; x_wconf 82' lang='grc' dir='ltr'><strong><em>γὰρ</em></strong></span> <span class='ocrx_word' id='word_1_86' title='bbox 929 1202 1123 1292; x_wconf 81' lang='grc' dir='ltr'><strong><em>ένοστήκασι</em></strong></span> <span class='ocrx_word' id='word_1_87' title='bbox 1137 1216 1218 1289; x_wconf 82' lang='grc' dir='ltr'><strong><em>ψευ-</em></strong></span> 
     </span>
     <span class='ocr_line' id='line_1_11' title="bbox 145 1300 1218 1394; baseline 0 -21"><span class='ocrx_word' id='word_1_88' title='bbox 145 1308 383 1394; x_wconf 79' lang='grc' dir='ltr'><strong><em>δομαρτυριῶν,</em></strong></span> <span class='ocrx_word' id='word_1_89' title='bbox 406 1306 531 1374; x_wconf 81' lang='grc' dir='ltr'><em>κελεύει</em></span> <span class='ocrx_word' id='word_1_90' title='bbox 554 1300 585 1372; x_wconf 75' lang='grc' dir='ltr'><strong><em>δ’</em></strong></span> <span class='ocrx_word' id='word_1_91' title='bbox 604 1302 622 1374; x_wconf 84' lang='grc' dir='ltr'><strong><em>δ</em></strong></span> <span class='ocrx_word' id='word_1_92' title='bbox 640 1306 750 1390; x_wconf 84' lang='grc' dir='ltr'><strong><em>νόμος,</em></strong></span> <span class='ocrx_word' id='word_1_93' title='bbox 774 1304 831 1374; x_wconf 79' lang='grc' dir='ltr'><strong><em>ἐὰν</em></strong></span> <span class='ocrx_word' id='word_1_94' title='bbox 848 1302 919 1393; x_wconf 72' lang='grc' dir='ltr'><strong><em>ἆληῖ</em></strong></span> <span class='ocrx_word' id='word_1_95' title='bbox 939 1332 991 1384; x_wconf 88' lang='grc' dir='ltr'><strong><em>τις</em></strong></span> <span class='ocrx_word' id='word_1_96' title='bbox 1012 1310 1080 1372; x_wconf 78' lang='grc' dir='ltr'><strong><em>τῶν</em></strong></span> <span class='ocrx_word' id='word_1_97' title='bbox 1097 1306 1218 1392; x_wconf 83' lang='grc' dir='ltr'><strong><em>ψευδο-</em></strong></span> 
     </span>
    </p>

    <p class='ocr_par' dir='ltr' id='par_1_5' title="bbox 92 1401 1218 1906">
     <span class='ocr_line' id='line_1_12' title="bbox 92 1401 1215 1496; baseline 0.004 -26"><span class='ocrx_word' id='word_1_98' title='bbox 92 1415 130 1470; x_wconf 79' lang='grc'><strong><em>16</em></strong></span> <span class='ocrx_word' id='word_1_99' title='bbox 143 1412 343 1496; x_wconf 79' lang='grc' dir='ltr'><strong><em>μαρτυριῶν,</em></strong></span> <span class='ocrx_word' id='word_1_100' title='bbox 366 1407 470 1475; x_wconf 90' lang='grc' dir='ltr'><strong><em>πάλιν</em></strong></span> <span class='ocrx_word' id='word_1_101' title='bbox 493 1405 530 1486; x_wconf 75' lang='grc' dir='ltr'><strong><em>ἐξ</em></strong></span> <span class='ocrx_word' id='word_1_102' title='bbox 550 1401 650 1496; x_wconf 83' lang='grc' dir='ltr'><strong><em>άργής</em></strong></span> <span class='ocrx_word' id='word_1_103' title='bbox 673 1404 760 1475; x_wconf 83' lang='grc' dir='ltr'><strong><em>εἶναι</em></strong></span> <span class='ocrx_word' id='word_1_104' title='bbox 780 1410 859 1495; x_wconf 80' lang='grc' dir='ltr'><strong><em>περὶ</em></strong></span> <span class='ocrx_word' id='word_1_105' title='bbox 878 1401 986 1474; x_wconf 78' lang='grc' dir='ltr'><strong><em>αύτιύν</em></strong></span> <span class='ocrx_word' id='word_1_106' title='bbox 1007 1406 1069 1485; x_wconf 83' lang='grc' dir='ltr'><strong><em>τὰς</em></strong></span> <span class='ocrx_word' id='word_1_107' title='bbox 1092 1407 1215 1496; x_wconf 81' lang='grc' dir='ltr'><strong><em>λήξεις·</em></strong></span> 
     </span>
     <span class='ocr_line' id='line_1_13' title="bbox 142 1504 1218 1599; baseline 0 -23"><span class='ocrx_word' id='word_1_108' title='bbox 142 1509 184 1576; x_wconf 85' lang='grc' dir='ltr'><strong><em>τά</em></strong></span> <span class='ocrx_word' id='word_1_109' title='bbox 208 1511 244 1576; x_wconf 80' lang='grc' dir='ltr'><strong><em>δέ</em></strong></span> <span class='ocrx_word' id='word_1_110' title='bbox 266 1514 325 1577; x_wconf 84' lang='grc' dir='ltr'><strong><em>τοῦ</em></strong></span> <span class='ocrx_word' id='word_1_111' title='bbox 347 1508 473 1587; x_wconf 84' lang='grc' dir='ltr'><strong><em>παιδὸς</em></strong></span> <span class='ocrx_word' id='word_1_112' title='bbox 488 1506 725 1599; x_wconf 73' lang='grc' dir='ltr'><strong><em>ὡμολογημένα</em></strong></span> <span class='ocrx_word' id='word_1_113' title='bbox 738 1512 794 1577; x_wconf 84' lang='grc' dir='ltr'><strong><em>καὶ</em></strong></span> <span class='ocrx_word' id='word_1_114' title='bbox 816 1504 1097 1598; x_wconf 77' lang='grc' dir='ltr'><strong><em>άναμφισβήτητα</em></strong></span> <span class='ocrx_word' id='word_1_115' title='bbox 1118 1536 1218 1576; x_wconf 87' lang='grc' dir='ltr'><strong><em>κατα·</em></strong></span> 
     </span>
     <span class='ocr_line' id='line_1_14' title="bbox 143 1605 1216 1700; baseline 0.002 -22"><span class='ocrx_word' id='word_1_116' title='bbox 143 1614 279 1680; x_wconf 90' lang='grc' dir='ltr'><strong><em>λέλοιπε</em></strong></span> <span class='ocrx_word' id='word_1_117' title='bbox 294 1615 510 1700; x_wconf 81' lang='grc' dir='ltr'><strong><em>Στρατοκλῆς.</em></strong></span> <span class='ocrx_word' id='word_1_118' title='bbox 546 1606 623 1681; x_wconf 83' lang='grc' dir='ltr'><strong><em>Ὅτι</em></strong></span> <span class='ocrx_word' id='word_1_119' title='bbox 645 1614 681 1679; x_wconf 78' lang='grc' dir='ltr'><strong><em>δὲ</em></strong></span> <span class='ocrx_word' id='word_1_120' title='bbox 703 1612 850 1680; x_wconf 80' lang='grc' dir='ltr'><strong><em>τοσαῦτά</em></strong></span> <span class='ocrx_word' id='word_1_121' title='bbox 874 1610 946 1680; x_wconf 76' lang='grc' dir='ltr'><strong><em>ἔστι</em></strong></span> <span class='ocrx_word' id='word_1_122' title='bbox 966 1605 1057 1696; x_wconf 83' lang='grc' dir='ltr'><strong><em>τᾶμὰ</em></strong></span> <span class='ocrx_word' id='word_1_123' title='bbox 1074 1612 1134 1679; x_wconf 83' lang='grc' dir='ltr'><strong><em>σύν</em></strong></span> <span class='ocrx_word' id='word_1_124' title='bbox 1148 1626 1216 1690; x_wconf 88' lang='grc' dir='ltr'><strong><em>τοῖς</em></strong></span> 
     </span>
     <span class='ocr_line' id='line_1_15' title="bbox 142 1712 1217 1804; baseline 0.001 -23"><span class='ocrx_word' id='word_1_125' title='bbox 142 1719 201 1782; x_wconf 81' lang='grc' dir='ltr'><strong><em>τοῦ</em></strong></span> <span class='ocrx_word' id='word_1_126' title='bbox 224 1715 403 1804; x_wconf 83' lang='grc' dir='ltr'><strong><em>έκποιήτου</em></strong></span> <span class='ocrx_word' id='word_1_127' title='bbox 425 1717 524 1797; x_wconf 77' lang='grc' dir='ltr'><strong><em>υἱέος,</em></strong></span> <span class='ocrx_word' id='word_1_128' title='bbox 547 1718 602 1783; x_wconf 84' lang='grc' dir='ltr'><strong><em>καὶ</em></strong></span> <span class='ocrx_word' id='word_1_129' title='bbox 624 1716 924 1803; x_wconf 78' lang='grc' dir='ltr'><strong><em>ψευδομαρτυριῶν</em></strong></span> <span class='ocrx_word' id='word_1_130' title='bbox 953 1712 1107 1782; x_wconf 74' lang='grc' dir='ltr'><strong><em>ἐνεστᾶσι</em></strong></span> <span class='ocrx_word' id='word_1_131' title='bbox 1130 1715 1217 1782; x_wconf 92' lang='grc' dir='ltr'><strong><em>δίκαι</em></strong></span> 
     </span>
     <span class='ocr_line' id='line_1_16' title="bbox 142 1811 1156 1906; baseline 0.004 -24"><span class='ocrx_word' id='word_1_132' title='bbox 142 1820 310 1904; x_wconf 80' lang='grc' dir='ltr'><strong><em>περὶτῶν</em></strong></span> <span class='ocrx_word' id='word_1_133' title='bbox 336 1814 478 1904; x_wconf 81' lang='grc' dir='ltr'><strong><em>Ἁγνίου,</em></strong></span> <span class='ocrx_word' id='word_1_134' title='bbox 502 1818 582 1903; x_wconf 82' lang='grc' dir='ltr'><strong><em>λαβέ</em></strong></span> <span class='ocrx_word' id='word_1_135' title='bbox 604 1817 665 1896; x_wconf 87' lang='grc' dir='ltr'><strong><em>τάς</em></strong></span> <span class='ocrx_word' id='word_1_136' title='bbox 686 1824 870 1906; x_wconf 82' lang='grc' dir='ltr'><strong><em>μαρτυρίας</em></strong></span> <span class='ocrx_word' id='word_1_137' title='bbox 890 1820 948 1884; x_wconf 90' lang='grc' dir='ltr'><strong><em>καὶ</em></strong></span> <span class='ocrx_word' id='word_1_138' title='bbox 970 1811 1156 1905; x_wconf 72' lang='grc' dir='ltr'><strong><em>ἀνάγνωθι.</em></strong></span> 
     </span>
    </p>

    <p class='ocr_par' dir='ltr' id='par_1_6' title="bbox 565 1941 793 1993">
     <span class='ocr_line' id='line_1_17' title="bbox 565 1941 793 1993; baseline -0.004 -1"><span class='ocrx_word' id='word_1_139' title='bbox 565 1941 793 1993; x_wconf 81' lang='grc' dir='ltr'><strong>ΜΑΡΤΥΡΙΑΙ.</strong></span> 
     </span>
    </p>

    <p class='ocr_par' dir='ltr' id='par_1_7' title="bbox 91 2009 1215 2928">
     <span class='ocr_line' id='line_1_18' title="bbox 91 2009 1215 2112; baseline 0.002 -24"><span class='ocrx_word' id='word_1_140' title='bbox 91 2028 126 2082; x_wconf 75' lang='grc'><strong><em>47</em></strong></span> <span class='ocrx_word' id='word_1_141' title='bbox 227 2009 309 2109; x_wconf 66' lang='grc' dir='ltr'><strong><em>Ἆρα</em></strong></span> <span class='ocrx_word' id='word_1_142' title='bbox 330 2021 432 2110; x_wconf 82' lang='grc' dir='ltr'><strong><em>μικρά</em></strong></span> <span class='ocrx_word' id='word_1_143' title='bbox 454 2021 496 2089; x_wconf 84' lang='grc' dir='ltr'><strong><em>τά</em></strong></span> <span class='ocrx_word' id='word_1_144' title='bbox 519 2022 668 2110; x_wconf 82' lang='grc' dir='ltr'><strong><em>διάφορα</em></strong></span> <span class='ocrx_word' id='word_1_145' title='bbox 688 2022 692 2108; x_wconf 78' lang='grc' dir='ltr'>Ι</span> <span class='ocrx_word' id='word_1_146' title='bbox 713 2021 880 2109; x_wconf 81' lang='grc' dir='ltr'><strong><em>ἑκατέροις</em></strong></span> <span class='ocrx_word' id='word_1_147' title='bbox 907 2026 965 2111; x_wconf 82' lang='grc' dir='ltr'><strong><em>τῆς</em></strong></span> <span class='ocrx_word' id='word_1_148' title='bbox 987 2016 1105 2102; x_wconf 82' lang='grc' dir='ltr'><strong><em>οὐσίας</em></strong></span> <span class='ocrx_word' id='word_1_149' title='bbox 1126 2019 1215 2112; x_wconf 79' lang='grc' dir='ltr'><strong><em>ήμῶν</em></strong></span> 
     </span>
     <span class='ocr_line' id='line_1_19' title="bbox 143 2117 1215 2214; baseline 0 -22"><span class='ocrx_word' id='word_1_150' title='bbox 143 2125 241 2207; x_wconf 71' lang='grc' dir='ltr'><strong><em>ἐστιν,</em></strong></span> <span class='ocrx_word' id='word_1_151' title='bbox 266 2118 342 2191; x_wconf 74' lang='grc' dir='ltr'><strong><em>ἀλλ’</em></strong></span> <span class='ocrx_word' id='word_1_152' title='bbox 362 2118 399 2190; x_wconf 83' lang='grc' dir='ltr'><strong><em>ού</em></strong></span> <span class='ocrx_word' id='word_1_153' title='bbox 421 2126 600 2212; x_wconf 86' lang='grc' dir='ltr'><strong><em>τηλικαῦτα</em></strong></span> <span class='ocrx_word' id='word_1_154' title='bbox 623 2117 709 2191; x_wconf 76' lang='grc' dir='ltr'><strong><em>ὥστε</em></strong></span> <span class='ocrx_word' id='word_1_155' title='bbox 730 2123 803 2213; x_wconf 87' lang='grc' dir='ltr'><strong><em>(τήν</em></strong></span> <span class='ocrx_word' id='word_1_156' title='bbox 825 2124 919 2213; x_wconf 77' lang='grc' dir='ltr'><strong><em>ἐμήν)</em></strong></span> <span class='ocrx_word' id='word_1_157' title='bbox 942 2126 1110 2214; x_wconf 89' lang='grc' dir='ltr'><strong><em>μηδεμίαν</em></strong></span> <span class='ocrx_word' id='word_1_158' title='bbox 1130 2130 1215 2212; x_wconf 90' lang='grc' dir='ltr'><strong><em>γενέ-</em></strong></span> 
     </span>
     <span class='ocr_line' id='line_1_20' title="bbox 144 2219 1214 2313; baseline 0 -20"><span class='ocrx_word' id='word_1_159' title='bbox 144 2233 230 2294; x_wconf 76' lang='grc' dir='ltr'><strong><em>σθαι</em></strong></span> <span class='ocrx_word' id='word_1_160' title='bbox 251 2224 338 2313; x_wconf 84' lang='grc' dir='ltr'><strong><em>πρὸς</em></strong></span> <span class='ocrx_word' id='word_1_161' title='bbox 359 2223 437 2303; x_wconf 83' lang='grc' dir='ltr'><strong><em>τούς</em></strong></span> <span class='ocrx_word' id='word_1_162' title='bbox 458 2227 702 2312; x_wconf 84' lang='grc' dir='ltr'><strong><em>Στρατοκλέους</em></strong></span> <span class='ocrx_word' id='word_1_163' title='bbox 723 2226 868 2309; x_wconf 86' lang='grc' dir='ltr'><strong><em>παῖδας,·</em></strong></span> <span class='ocrx_word' id='word_1_164' title='bbox 888 2219 1034 2313; x_wconf 83' lang='grc' dir='ltr'><strong><em>(ούκούν)</em></strong></span> <span class='ocrx_word' id='word_1_165' title='bbox 1051 2221 1109 2294; x_wconf 81' lang='grc' dir='ltr'><strong><em>οὐκ</em></strong></span> <span class='ocrx_word' id='word_1_166' title='bbox 1125 2223 1214 2306; x_wconf 82' lang='grc' dir='ltr'><strong><em>άξιον</em></strong></span> 
     </span>
     <span class='ocr_line' id='line_1_21' title="bbox 140 2323 1215 2418; baseline 0.004 -25"><span class='ocrx_word' id='word_1_167' title='bbox 140 2342 213 2405; x_wconf 88' lang='grc' dir='ltr'><strong><em>τοῖς</em></strong></span> <span class='ocrx_word' id='word_1_168' title='bbox 234 2327 352 2393; x_wconf 91' lang='grc' dir='ltr'><strong><em>τούτου</em></strong></span> <span class='ocrx_word' id='word_1_169' title='bbox 376 2327 487 2414; x_wconf 90' lang='grc' dir='ltr'><strong><em>λύγοις</em></strong></span> <span class='ocrx_word' id='word_1_170' title='bbox 515 2328 696 2411; x_wconf 78' lang='grc' dir='ltr'><strong><em>πιστεύειν,</em></strong></span> <span class='ocrx_word' id='word_1_171' title='bbox 727 2327 764 2407; x_wconf 80' lang='grc' dir='ltr'><strong><em>ὃς</em></strong></span> <span class='ocrx_word' id='word_1_172' title='bbox 793 2328 956 2418; x_wconf 80' lang='grc' dir='ltr'><strong><em>τοσαύτης</em></strong></span> <span class='ocrx_word' id='word_1_173' title='bbox 979 2323 1096 2408; x_wconf 80' lang='grc' dir='ltr'><strong><em>οὐσίας</em></strong></span> <span class='ocrx_word' id='word_1_174' title='bbox 1117 2356 1215 2397; x_wconf 88' lang='grc' dir='ltr'><strong><em>κατα-</em></strong></span> 
     </span>
     <span class='ocr_line' id='line_1_22' title="bbox 143 2425 1215 2520; baseline 0.003 -26"><span class='ocrx_word' id='word_1_175' title='bbox 143 2430 355 2518; x_wconf 84' lang='grc' dir='ltr'><strong><em>λελειμμέυης</em></strong></span> <span class='ocrx_word' id='word_1_176' title='bbox 378 2427 557 2520; x_wconf 74' lang='grc' dir='ltr'><strong><em>ἐτόλμησεν</em></strong></span> <span class='ocrx_word' id='word_1_177' title='bbox 579 2429 637 2497; x_wconf 76' lang='grc' dir='ltr'><strong><em>ἐπὶ</em></strong></span> <span class='ocrx_word' id='word_1_178' title='bbox 660 2432 800 2519; x_wconf 76' lang='grc' dir='ltr'><strong><em>διαβολῇ</em></strong></span> <span class='ocrx_word' id='word_1_179' title='bbox 821 2430 1023 2515; x_wconf 79' lang='grc' dir='ltr'><strong><em>ψεύσασθαι</em></strong></span> <span class='ocrx_word' id='word_1_180' title='bbox 1043 2425 1119 2498; x_wconf 74' lang='grc' dir='ltr'><strong><em>κατ’</em></strong></span> <span class='ocrx_word' id='word_1_181' title='bbox 1138 2431 1215 2516; x_wconf 77' lang='grc' dir='ltr'><strong><em>ἐμοῦ</em></strong></span> 
     </span>
     <span class='ocr_line' id='line_1_23' title="bbox 141 2528 1214 2622; baseline 0.001 -24"><span class='ocrx_word' id='word_1_182' title='bbox 141 2533 322 2621; x_wconf 81' lang='grc' dir='ltr'><strong><em>τηλικαῦτα</em></strong></span> <span class='ocrx_word' id='word_1_183' title='bbox 343 2531 381 2599; x_wconf 88' lang='grc' dir='ltr'><strong><em>τὸ</em></strong></span> <span class='ocrx_word' id='word_1_184' title='bbox 404 2537 559 2619; x_wconf 78' lang='grc' dir='ltr'><strong><em>μέγεθος.</em></strong></span> <span class='ocrx_word' id='word_1_185' title='bbox 596 2532 848 2620; x_wconf 80' lang='grc' dir='ltr'><strong><em>καταλογίζεται</em></strong></span> <span class='ocrx_word' id='word_1_186' title='bbox 861 2540 973 2600; x_wconf 91' lang='grc' dir='ltr'><strong><em>τοίνυν</em></strong></span> <span class='ocrx_word' id='word_1_187' title='bbox 988 2528 1034 2611; x_wconf 77' lang='grc' dir='ltr'><strong><em>ὥς</em></strong></span> <span class='ocrx_word' id='word_1_188' title='bbox 1049 2531 1113 2620; x_wconf 81' lang='grc' dir='ltr'><strong><em>έγιδ</em></strong></span> <span class='ocrx_word' id='word_1_189' title='bbox 1128 2547 1214 2622; x_wconf 84' lang='grc' dir='ltr'><strong><em>τρεῖς</em></strong></span> 
     </span>
     <span class='ocr_line' id='line_1_24' title="bbox 141 2627 1213 2724; baseline 0.001 -25"><span class='ocrx_word' id='word_1_190' title='bbox 141 2633 281 2723; x_wconf 82' lang='grc' dir='ltr'><strong><em>κλήρους</em></strong></span> <span class='ocrx_word' id='word_1_191' title='bbox 303 2632 449 2723; x_wconf 78' lang='grc' dir='ltr'><strong><em>εἰληφώς</em></strong></span> <span class='ocrx_word' id='word_1_192' title='bbox 462 2638 519 2701; x_wconf 86' lang='grc' dir='ltr'><strong><em>καὶ</em></strong></span> <span class='ocrx_word' id='word_1_193' title='bbox 541 2636 676 2701; x_wconf 78' lang='grc' dir='ltr'><strong><em>πολλῶν</em></strong></span> <span class='ocrx_word' id='word_1_194' title='bbox 695 2634 874 2723; x_wconf 87' lang='grc' dir='ltr'><strong><em>χρημάτων</em></strong></span> <span class='ocrx_word' id='word_1_195' title='bbox 890 2627 1042 2722; x_wconf 81' lang='grc' dir='ltr'><strong><em>εύπορῶν</em></strong></span> <span class='ocrx_word' id='word_1_196' title='bbox 1065 2629 1213 2724; x_wconf 77' lang='grc' dir='ltr'><strong><em>ἀφανίζοι</em></strong></span> 
     </span>
     <span class='ocr_line' id='line_1_25' title="bbox 140 2730 1213 2827; baseline 0.002 -25"><span class='ocrx_word' id='word_1_197' title='bbox 140 2736 200 2825; x_wconf 86' lang='grc' dir='ltr'><strong><em>τήν</em></strong></span> <span class='ocrx_word' id='word_1_198' title='bbox 223 2730 350 2818; x_wconf 83' lang='grc' dir='ltr'><strong><em>ούσίαν,</em></strong></span> <span class='ocrx_word' id='word_1_199' title='bbox 373 2730 419 2804; x_wconf 73' lang='grc' dir='ltr'><strong><em>ἵν’</em></strong></span> <span class='ocrx_word' id='word_1_200' title='bbox 438 2733 485 2815; x_wconf 87' lang='grc' dir='ltr'><strong><em>ιδς</em></strong></span> <span class='ocrx_word' id='word_1_201' title='bbox 508 2731 661 2821; x_wconf 76' lang='grc' dir='ltr'><strong><em>έλάχισθ’</em></strong></span> <span class='ocrx_word' id='word_1_202' title='bbox 681 2733 775 2821; x_wconf 77' lang='grc' dir='ltr'><strong><em>ὑγιεῖς</em></strong></span> <span class='ocrx_word' id='word_1_203' title='bbox 790 2730 898 2804; x_wconf 74' lang='grc' dir='ltr'><strong><em>αύτυῖν</em></strong></span> <span class='ocrx_word' id='word_1_204' title='bbox 914 2730 1117 2827; x_wconf 85' lang='grc' dir='ltr'><strong><em>άπολαύητε.</em></strong></span> <span class='ocrx_word' id='word_1_205' title='bbox 1147 2752 1213 2813; x_wconf 85' lang='grc' dir='ltr'><strong><em>τοῖς</em></strong></span> 
     </span>
     <span class='ocr_line' id='line_1_26' title="bbox 142 2837 1213 2928; baseline 0.002 -24"><span class='ocrx_word' id='word_1_206' title='bbox 142 2837 205 2925; x_wconf 84' lang='grc' dir='ltr'><strong><em>γάρ</em></strong></span> <span class='ocrx_word' id='word_1_207' title='bbox 232 2839 335 2927; x_wconf 80' lang='grc' dir='ltr'><strong><em>μηδὲν</em></strong></span> <span class='ocrx_word' id='word_1_208' title='bbox 364 2839 492 2906; x_wconf 91' lang='grc' dir='ltr'><strong><em>δίκαιον</em></strong></span> <span class='ocrx_word' id='word_1_209' title='bbox 527 2839 638 2923; x_wconf 82' lang='grc' dir='ltr'><strong><em>έχουσι</em></strong></span> <span class='ocrx_word' id='word_1_210' title='bbox 666 2843 746 2926; x_wconf 85' lang='grc' dir='ltr'><strong><em>περὶ</em></strong></span> <span class='ocrx_word' id='word_1_211' title='bbox 774 2844 841 2907; x_wconf 80' lang='grc' dir='ltr'><strong><em>τῶν</em></strong></span> <span class='ocrx_word' id='word_1_212' title='bbox 872 2838 1079 2927; x_wconf 86' lang='grc' dir='ltr'><strong><em>πραγμάτων</em></strong></span> <span class='ocrx_word' id='word_1_213' title='bbox 1113 2843 1213 2928; x_wconf 87' lang='grc' dir='ltr'><strong><em>λέγειν</em></strong></span> 
     </span>
    </p>

    <p class='ocr_par' dir='ltr' id='par_1_8' title="bbox 85 2932 1212 3029">
     <span class='ocr_line' id='line_1_27' title="bbox 85 2932 1212 3029; baseline -0.002 -20"><span class='ocrx_word' id='word_1_214' title='bbox 85 2955 98 3009; x_wconf 66' lang='grc' dir='ltr'><em>ξ</em></span> <span class='ocrx_word' id='word_1_215' title='bbox 143 2933 263 3028; x_wconf 87' lang='grc' dir='ltr'><strong><em>άνάγκη</em></strong></span> <span class='ocrx_word' id='word_1_216' title='bbox 287 2939 492 3024; x_wconf 73' lang='grc' dir='ltr'><strong><em>πορίζεσθαι</em></strong></span> <span class='ocrx_word' id='word_1_217' title='bbox 514 2941 686 3020; x_wconf 85' lang='grc' dir='ltr'><strong><em>τοιούτους</em></strong></span> <span class='ocrx_word' id='word_1_218' title='bbox 708 2942 834 3028; x_wconf 89' lang='grc' dir='ltr'><strong><em>λόγους,</em></strong></span> <span class='ocrx_word' id='word_1_219' title='bbox 859 2941 895 3020; x_wconf 75' lang='grc' dir='ltr'><strong><em>ἐξ</em></strong></span> <span class='ocrx_word' id='word_1_220' title='bbox 914 2935 960 3008; x_wconf 79' lang='grc' dir='ltr'><strong><em>ὦν</em></strong></span> <span class='ocrx_word' id='word_1_221' title='bbox 987 2932 1052 3028; x_wconf 75' lang='grc' dir='ltr'><strong><em>[δν]</em></strong></span> <span class='ocrx_word' id='word_1_222' title='bbox 1077 2942 1212 3029; x_wconf 80' lang='grc' dir='ltr'><strong><em>διαβάλ-</em></strong></span> 
     </span>
    </p>

    <p class='ocr_par' dir='ltr' id='par_1_9' title="bbox 90 3038 1211 3130">
     <span class='ocr_line' id='line_1_28' title="bbox 90 3038 1211 3130; baseline 0.004 -27"><span class='ocrx_word' id='word_1_223' title='bbox 90 3046 128 3103; x_wconf 77' lang='lat'><strong><em>48</em></strong></span> <span class='ocrx_word' id='word_1_224' title='bbox 143 3044 255 3120; x_wconf 87' lang='grc' dir='ltr'><strong><em>λοντες</em></strong></span> <span class='ocrx_word' id='word_1_225' title='bbox 284 3043 388 3108; x_wconf 89' lang='grc' dir='ltr'><strong><em>πλέον</em></strong></span> <span class='ocrx_word' id='word_1_226' title='bbox 415 3042 499 3125; x_wconf 81' lang='grc' dir='ltr'><strong><em>έχειν</em></strong></span> <span class='ocrx_word' id='word_1_227' title='bbox 528 3043 725 3130; x_wconf 92' lang='grc' dir='ltr'><strong><em>δυνήσονται</em></strong></span> <span class='ocrx_word' id='word_1_228' title='bbox 746 3047 813 3111; x_wconf 81' lang='grc' dir='ltr'><strong><em>τῶν</em></strong></span> <span class='ocrx_word' id='word_1_229' title='bbox 844 3038 1028 3111; x_wconf 87' lang='grc' dir='ltr'><strong><em>άντιδίκων.</em></strong></span> <span class='ocrx_word' id='word_1_230' title='bbox 1082 3043 1158 3129; x_wconf 77' lang='grc' dir='ltr'><strong><em>ἐμοὶ</em></strong></span> <span class='ocrx_word' id='word_1_231' title='bbox 1180 3043 1211 3110; x_wconf 84' lang='grc' dir='ltr'><strong><em>δὲ</em></strong></span> 
     </span>
    </p>
   </div>
   <div class='ocr_carea' id='block_1_3' title="bbox 137 3291 1257 4047">
    <p class='ocr_par' dir='ltr' id='par_1_10' title="bbox 137 3291 1257 4047">
     <span class='ocr_line' id='line_1_29' title="bbox 226 3291 1210 3375; baseline 0 -25"><span class='ocrx_word' id='word_1_232' title='bbox 226 3302 240 3350; x_wconf 84' lang='grc'><strong>1</strong></span> <span class='ocrx_word' id='word_1_233' title='bbox 259 3291 335 3375; x_wconf 76' lang='grc' dir='ltr'><strong><em>εύρηι</em></strong></span> <span class='ocrx_word' id='word_1_234' title='bbox 354 3314 403 3351; x_wconf 82' lang='lat' dir='ltr'><strong><em>em.</em></strong></span> <span class='ocrx_word' id='word_1_235' title='bbox 418 3298 465 3351; x_wconf 87' lang='lat' dir='ltr'><strong><em>Bk.</em></strong></span> <span class='ocrx_word' id='word_1_236' title='bbox 482 3329 516 3339; x_wconf 94' lang='lat'><em>-</em></span> <span class='ocrx_word' id='word_1_237' title='bbox 535 3303 550 3353; x_wconf 86' lang='lat'>8</span> <span class='ocrx_word' id='word_1_238' title='bbox 568 3297 768 3371; x_wconf 78' lang='grc' dir='ltr'><strong><em>τιτρακισχῖλια</em></strong></span> <span class='ocrx_word' id='word_1_239' title='bbox 780 3316 827 3367; x_wconf 70' lang='lat' dir='ltr'><strong><em>pn,</em></strong></span> <span class='ocrx_word' id='word_1_240' title='bbox 845 3303 943 3354; x_wconf 82' lang='lat' dir='ltr'>corr.2</span> <span class='ocrx_word' id='word_1_241' title='bbox 995 3298 1040 3354; x_wconf 70' lang='lat'><strong><em>45.</em></strong></span> <span class='ocrx_word' id='word_1_242' title='bbox 1059 3302 1075 3352; x_wconf 79' lang='lat'>2</span> <span class='ocrx_word' id='word_1_243' title='bbox 1094 3299 1210 3362; x_wconf 66' lang='lat' dir='ltr'><strong><em>sianum·</em></strong></span> 
     </span>
     <span class='ocr_line' id='line_1_30' title="bbox 141 3368 1210 3456; baseline 0 -21"><span class='ocrx_word' id='word_1_244' title='bbox 141 3382 298 3451; x_wconf 59' lang='grc' dir='ltr'><strong><em>δίμοιρα,</em></strong></span> <span class='ocrx_word' id='word_1_245' title='bbox 316 3388 403 3437; x_wconf 83' lang='grc' dir='ltr'><strong><em>εοιι.1</em></strong></span> <span class='ocrx_word' id='word_1_246' title='bbox 424 3414 457 3423; x_wconf 94' lang='grc'><strong>-</strong></span> <span class='ocrx_word' id='word_1_247' title='bbox 475 3388 491 3437; x_wconf 83' lang='grc'><strong>4</strong></span> <span class='ocrx_word' id='word_1_248' title='bbox 508 3368 525 3456; x_wconf 75' lang='grc' dir='ltr'><strong><em>ᾗ</em></strong></span> <span class='ocrx_word' id='word_1_249' title='bbox 539 3378 720 3451; x_wconf 77' lang='grc' dir='ltr'><strong><em>8ο1ωυιυ.;ἣν</em></strong></span> <span class='ocrx_word' id='word_1_250' title='bbox 736 3414 770 3423; x_wconf 90' lang='grc'><strong>-</strong></span> <span class='ocrx_word' id='word_1_251' title='bbox 787 3379 823 3437; x_wconf 80' lang='grc' dir='ltr'><strong><em>ἂν</em></strong></span> <span class='ocrx_word' id='word_1_252' title='bbox 835 3399 855 3437; x_wconf 83' lang='grc' dir='ltr'><strong><em>ε.</em></strong></span> <span class='ocrx_word' id='word_1_253' title='bbox 865 3388 914 3437; x_wconf 88' lang='lat' dir='ltr'><strong><em>v.1</em></strong></span> <span class='ocrx_word' id='word_1_254' title='bbox 934 3414 967 3423; x_wconf 93' lang='lat'><em>-</em></span> <span class='ocrx_word' id='word_1_255' title='bbox 987 3389 1001 3437; x_wconf 84' lang='grc'><strong>1</strong></span> <span class='ocrx_word' id='word_1_256' title='bbox 1020 3380 1100 3438; x_wconf 78' lang='grc' dir='ltr'><strong><em>οὔπα</em></strong></span> <span class='ocrx_word' id='word_1_257' title='bbox 1113 3400 1176 3436; x_wconf 86' lang='lat' dir='ltr'><strong>corr.</strong></span> <span class='ocrx_word' id='word_1_258' title='bbox 1189 3385 1210 3447; x_wconf 85' lang='grc'><strong><em>1,</em></strong></span> 
     </span>
     <span class='ocr_line' id='line_1_31' title="bbox 141 3463 1210 3540; baseline -0.002 -19"><span class='ocrx_word' id='word_1_259' title='bbox 141 3463 214 3521; x_wconf 82' lang='grc' dir='ltr'><strong><em>ούτυ</em></strong></span> <span class='ocrx_word' id='word_1_260' title='bbox 231 3485 269 3536; x_wconf 87' lang='lat' dir='ltr'><strong><em>pr.</em></strong></span> <span class='ocrx_word' id='word_1_261' title='bbox 321 3468 367 3524; x_wconf 83' lang='grc'><strong><em>46.</em></strong></span> <span class='ocrx_word' id='word_1_262' title='bbox 387 3474 399 3522; x_wconf 91' lang='grc'><strong>1</strong></span> <span class='ocrx_word' id='word_1_263' title='bbox 420 3474 478 3522; x_wconf 85' lang='lat' dir='ltr'><strong>ante</strong></span> <span class='ocrx_word' id='word_1_264' title='bbox 496 3467 544 3521; x_wconf 81' lang='grc' dir='ltr'><strong><em>τὰτ</em></strong></span> <span class='ocrx_word' id='word_1_265' title='bbox 555 3485 619 3522; x_wconf 77' lang='lat' dir='ltr'>eras.</span> <span class='ocrx_word' id='word_1_266' title='bbox 631 3467 678 3522; x_wconf 71' lang='grc' dir='ltr'><strong><em>τὰς</em></strong></span> <span class='ocrx_word' id='word_1_267' title='bbox 728 3469 771 3524; x_wconf 76' lang='grc'><strong><em>47.</em></strong></span> <span class='ocrx_word' id='word_1_268' title='bbox 792 3475 804 3523; x_wconf 91' lang='grc'><strong>1</strong></span> <span class='ocrx_word' id='word_1_269' title='bbox 824 3468 1025 3540; x_wconf 79' lang='grc' dir='ltr'><strong><em>έκατέρατΒεΙι.</em></strong></span> <span class='ocrx_word' id='word_1_270' title='bbox 1043 3498 1078 3508; x_wconf 91' lang='lat'>-</span> <span class='ocrx_word' id='word_1_271' title='bbox 1096 3469 1210 3522; x_wconf 70' lang='grc' dir='ltr'><strong><em>Νέστου</em></strong></span> 
     </span>
     <span class='ocr_line' id='line_1_32' title="bbox 142 3549 1210 3625; baseline -0.001 -21"><span class='ocrx_word' id='word_1_272' title='bbox 142 3553 202 3620; x_wconf 80' lang='lat' dir='ltr'><strong>aliq.</strong></span> <span class='ocrx_word' id='word_1_273' title='bbox 225 3567 313 3621; x_wconf 50' lang='lat' dir='ltr'><strong><em>persp.¹</em></strong></span> <span class='ocrx_word' id='word_1_274' title='bbox 328 3551 455 3618; x_wconf 65' lang='grc' dir='ltr'><strong><em>δεύουσι,</em></strong></span> <span class='ocrx_word' id='word_1_275' title='bbox 480 3549 532 3618; x_wconf 79' lang='grc' dir='ltr'><strong><em>τὴν</em></strong></span> <span class='ocrx_word' id='word_1_276' title='bbox 550 3549 618 3621; x_wconf 74' lang='grc' dir='ltr'><strong><em>ἐμὴν</em></strong></span> <span class='ocrx_word' id='word_1_277' title='bbox 636 3553 693 3606; x_wconf 75' lang='grc' dir='ltr'><strong><em>αδδ.</em></strong></span> <span class='ocrx_word' id='word_1_278' title='bbox 711 3553 811 3606; x_wconf 83' lang='lat' dir='ltr'><strong>Roeder</strong></span> <span class='ocrx_word' id='word_1_279' title='bbox 829 3583 862 3592; x_wconf 95' lang='lat'><em>-</em></span> <span class='ocrx_word' id='word_1_280' title='bbox 887 3557 901 3606; x_wconf 86' lang='grc'><strong>3</strong></span> <span class='ocrx_word' id='word_1_281' title='bbox 921 3551 988 3625; x_wconf 72' lang='grc' dir='ltr'><strong><em>πρὸς</em></strong></span> <span class='ocrx_word' id='word_1_282' title='bbox 1004 3551 1163 3624; x_wconf 78' lang='grc' dir='ltr'><strong><em>ΒεΙι.ι,ττιρὶ</em></strong></span> <span class='ocrx_word' id='word_1_283' title='bbox 1179 3579 1210 3589; x_wconf 86' lang='lat'>-</span> 
     </span>
     <span class='ocr_line' id='line_1_33' title="bbox 140 3625 1239 3709; baseline 0 -21"><span class='ocrx_word' id='word_1_284' title='bbox 140 3633 237 3689; x_wconf 78' lang='grc' dir='ltr'><strong><em>οὐκοῦν</em></strong></span> <span class='ocrx_word' id='word_1_285' title='bbox 249 3637 306 3691; x_wconf 81' lang='lat' dir='ltr'>add.</span> <span class='ocrx_word' id='word_1_286' title='bbox 320 3637 352 3690; x_wconf 82' lang='lat' dir='ltr'><strong><em>de</em></strong></span> <span class='ocrx_word' id='word_1_287' title='bbox 364 3652 431 3703; x_wconf 88' lang='lat' dir='ltr'>meo,</span> <span class='ocrx_word' id='word_1_288' title='bbox 449 3633 497 3691; x_wconf 75' lang='grc' dir='ltr'><strong><em>οὐκ</em></strong></span> <span class='ocrx_word' id='word_1_289' title='bbox 510 3634 587 3700; x_wconf 78' lang='grc' dir='ltr'><strong><em>ἄξιον</em></strong></span> <span class='ocrx_word' id='word_1_290' title='bbox 600 3625 652 3703; x_wconf 73' lang='grc' dir='ltr'><strong><em>οὖν</em></strong></span> <span class='ocrx_word' id='word_1_291' title='bbox 661 3639 684 3691; x_wconf 85' lang='lat' dir='ltr'><strong><em>ci</em></strong></span> <span class='ocrx_word' id='word_1_292' title='bbox 697 3637 767 3704; x_wconf 87' lang='lat' dir='ltr'><strong>Rsk.,</strong></span> <span class='ocrx_word' id='word_1_293' title='bbox 786 3634 834 3691; x_wconf 82' lang='grc' dir='ltr'><strong><em>οὐκ</em></strong></span> <span class='ocrx_word' id='word_1_294' title='bbox 847 3625 896 3691; x_wconf 80' lang='grc' dir='ltr'><strong><em>σύν</em></strong></span> <span class='ocrx_word' id='word_1_295' title='bbox 908 3639 959 3705; x_wconf 84' lang='lat' dir='ltr'><strong>(vel</strong></span> <span class='ocrx_word' id='word_1_296' title='bbox 972 3633 1031 3709; x_wconf 82' lang='grc' dir='ltr'><strong><em>ἄρ’)</em></strong></span> <span class='ocrx_word' id='word_1_297' title='bbox 1051 3633 1130 3700; x_wconf 79' lang='grc' dir='ltr'><strong><em>ἄξιον</em></strong></span> <span class='ocrx_word' id='word_1_298' title='bbox 1142 3637 1209 3690; x_wconf 83' lang='lat' dir='ltr'><strong>Turr.</strong></span> <span class='ocrx_word' id='word_1_299' title='bbox 1235 3633 1239 3642; x_wconf 90' lang='lat'>&#39;</span> 
     </span>
     <span class='ocr_line' id='line_1_34' title="bbox 137 3719 1208 3794; baseline 0 -22"><span class='ocrx_word' id='word_1_300' title='bbox 137 3750 173 3772; x_wconf 87' lang='lat'><strong><em>.-</em></strong></span> <span class='ocrx_word' id='word_1_301' title='bbox 191 3725 208 3774; x_wconf 81' lang='lat'>4</span> <span class='ocrx_word' id='word_1_302' title='bbox 225 3725 280 3773; x_wconf 75' lang='grc' dir='ltr'><strong><em>τοῖς</em></strong></span> <span class='ocrx_word' id='word_1_303' title='bbox 296 3720 394 3775; x_wconf 89' lang='grc' dir='ltr'><strong><em>τούτου</em></strong></span> <span class='ocrx_word' id='word_1_304' title='bbox 405 3723 480 3777; x_wconf 86' lang='lat' dir='ltr'><strong>Rsk.:</strong></span> <span class='ocrx_word' id='word_1_305' title='bbox 499 3721 604 3776; x_wconf 70' lang='grc' dir='ltr'><strong><em>τούτοις</em></strong></span> <span class='ocrx_word' id='word_1_306' title='bbox 614 3728 669 3776; x_wconf 78' lang='grc' dir='ltr'><strong><em>τοῖο</em></strong></span> <span class='ocrx_word' id='word_1_307' title='bbox 686 3753 719 3763; x_wconf 88' lang='grc'><strong>-</strong></span> <span class='ocrx_word' id='word_1_308' title='bbox 738 3727 753 3777; x_wconf 91' lang='grc'>6</span> <span class='ocrx_word' id='word_1_309' title='bbox 771 3720 917 3790; x_wconf 85' lang='grc' dir='ltr'><strong><em>τηλικαύτη</em></strong></span> <span class='ocrx_word' id='word_1_310' title='bbox 937 3753 971 3765; x_wconf 87' lang='lat'><strong><em>-·</em></strong></span> <span class='ocrx_word' id='word_1_311' title='bbox 988 3728 1002 3777; x_wconf 77' lang='lat'><strong><em>‘1</em></strong></span> <span class='ocrx_word' id='word_1_312' title='bbox 1020 3719 1162 3794; x_wconf 82' lang='grc' dir='ltr'><strong><em>ἀφανίζοι.</em></strong></span> <span class='ocrx_word' id='word_1_313' title='bbox 1174 3736 1208 3788; x_wconf 82' lang='lat' dir='ltr'><strong><em>pr.</em></strong></span> 
     </span>
     <span class='ocr_line' id='line_1_35' title="bbox 138 3798 1208 3877; baseline -0.003 -18"><span class='ocrx_word' id='word_1_314' title='bbox 138 3835 174 3846; x_wconf 90' lang='lat'><em>-</em></span> <span class='ocrx_word' id='word_1_315' title='bbox 192 3808 207 3859; x_wconf 85' lang='grc'>8</span> <span class='ocrx_word' id='word_1_316' title='bbox 225 3798 390 3860; x_wconf 75' lang='grc' dir='ltr'><strong><em>ἀπολαύοντι</em></strong></span> <span class='ocrx_word' id='word_1_317' title='bbox 406 3838 440 3848; x_wconf 93' lang='grc'>-</span> <span class='ocrx_word' id='word_1_318' title='bbox 460 3812 491 3861; x_wconf 85' lang='grc'><strong><em>10</em></strong></span> <span class='ocrx_word' id='word_1_319' title='bbox 509 3806 652 3862; x_wconf 81' lang='grc' dir='ltr'><strong><em>τοοούτουε</em></strong></span> <span class='ocrx_word' id='word_1_320' title='bbox 669 3824 716 3877; x_wconf 69' lang='lat' dir='ltr'><strong><em>pn,</em></strong></span> <span class='ocrx_word' id='word_1_321' title='bbox 735 3825 798 3862; x_wconf 85' lang='grc' dir='ltr'><strong><em>αοττ.</em></strong></span> <span class='ocrx_word' id='word_1_322' title='bbox 818 3813 832 3862; x_wconf 81' lang='lat'>2</span> <span class='ocrx_word' id='word_1_323' title='bbox 857 3839 891 3848; x_wconf 91' lang='lat'><em>—</em></span> <span class='ocrx_word' id='word_1_324' title='bbox 913 3802 948 3861; x_wconf 81' lang='grc' dir='ltr'><strong><em>ἂν</em></strong></span> <span class='ocrx_word' id='word_1_325' title='bbox 966 3809 1016 3864; x_wconf 86' lang='lat' dir='ltr'>del.</span> <span class='ocrx_word' id='word_1_326' title='bbox 1041 3809 1109 3872; x_wconf 87' lang='lat' dir='ltr'>Dbr.‚</span> <span class='ocrx_word' id='word_1_327' title='bbox 1133 3802 1166 3871; x_wconf 81' lang='grc' dir='ltr'><strong><em>δὴ</em></strong></span> <span class='ocrx_word' id='word_1_328' title='bbox 1187 3805 1208 3856; x_wconf 85' lang='lat' dir='ltr'><strong><em>ci</em></strong></span> 
     </span>
     <span class='ocr_line' id='line_1_36' title="bbox 138 3889 1257 3962; baseline -0.001 -19"><span class='ocrx_word' id='word_1_329' title='bbox 138 3890 229 3944; x_wconf 79' lang='lat' dir='ltr'><strong>Kaibel</strong></span> <span class='ocrx_word' id='word_1_330' title='bbox 254 3921 287 3930; x_wconf 95' lang='lat'><em>-</em></span> <span class='ocrx_word' id='word_1_331' title='bbox 314 3896 401 3947; x_wconf 89' lang='lat'>10.11</span> <span class='ocrx_word' id='word_1_332' title='bbox 422 3889 616 3962; x_wconf 73' lang='grc' dir='ltr'><strong><em>διαβάλλοντες</em></strong></span> <span class='ocrx_word' id='word_1_333' title='bbox 638 3911 702 3947; x_wconf 75' lang='lat' dir='ltr'>corr.</span> <span class='ocrx_word' id='word_1_334' title='bbox 724 3899 749 3962; x_wconf 88' lang='lat'><strong><em>1,</em></strong></span> <span class='ocrx_word' id='word_1_335' title='bbox 774 3889 945 3962; x_wconf 75' lang='grc' dir='ltr'><strong><em>διαβάλλο...</em></strong></span> <span class='ocrx_word' id='word_1_336' title='bbox 963 3897 1007 3960; x_wconf 61' lang='grc' dir='ltr'><strong><em>(ε</em></strong></span> <span class='ocrx_word' id='word_1_337' title='bbox 1020 3896 1104 3958; x_wconf 66' lang='lat' dir='ltr'><strong><em>mm)</em></strong></span> <span class='ocrx_word' id='word_1_338' title='bbox 1122 3907 1158 3960; x_wconf 89' lang='lat' dir='ltr'><strong><em>pr.</em></strong></span> <span class='ocrx_word' id='word_1_339' title='bbox 1175 3917 1207 3930; x_wconf 84' lang='lat'>-</span> <span class='ocrx_word' id='word_1_340' title='bbox 1254 3902 1257 3907; x_wconf 84' lang='lat'>&#39;</span> 
     </span>
     <span class='ocr_line' id='line_1_37' title="bbox 142 3972 954 4047; baseline 0.002 -19"><span class='ocrx_word' id='word_1_341' title='bbox 142 3979 169 4030; x_wconf 98' lang='grc'><strong><em>11</em></strong></span> <span class='ocrx_word' id='word_1_342' title='bbox 190 3972 368 4043; x_wconf 73' lang='grc' dir='ltr'><strong><em>δυνήσονταιι</em></strong></span> <span class='ocrx_word' id='word_1_343' title='bbox 386 3983 446 4047; x_wconf 79' lang='lat' dir='ltr'><strong>post</strong></span> <span class='ocrx_word' id='word_1_344' title='bbox 464 3998 479 4030; x_wconf 91' lang='lat' dir='ltr'><em>o</em></span> <span class='ocrx_word' id='word_1_345' title='bbox 496 3995 596 4044; x_wconf 78' lang='lat' dir='ltr'>rasura,</span> <span class='ocrx_word' id='word_1_346' title='bbox 615 3985 645 4032; x_wconf 81' lang='grc' dir='ltr'><strong><em>ιιι</em></strong></span> <span class='ocrx_word' id='word_1_347' title='bbox 663 3995 726 4032; x_wconf 83' lang='lat' dir='ltr'><strong>corr.</strong></span> <span class='ocrx_word' id='word_1_348' title='bbox 745 3979 862 4032; x_wconf 81' lang='lat' dir='ltr'><strong>videatur</strong></span> <span class='ocrx_word' id='word_1_349' title='bbox 880 3995 911 4032; x_wconf 86' lang='lat' dir='ltr'><strong><em>ex</em></strong></span> <span class='ocrx_word' id='word_1_350' title='bbox 930 3998 954 4030; x_wconf 84' lang='grc' dir='ltr'><strong><em>αι</em></strong></span> 
     </span>
    </p>
   </div>
   <div class='ocr_carea' id='block_1_4' title="bbox 0 0 1318 4476">
    <p class='ocr_par' dir='ltr' id='par_1_11' title="bbox 0 0 1318 4476">
     <span class='ocr_line' id='line_1_38' title="bbox 0 0 1318 4476; baseline 0 3"><span class='ocrx_word' id='word_1_351' title='bbox 0 0 1318 4476; x_wconf 95' lang='lat' dir='ltr'><strong><em> </em></strong></span> 
     </span>
    </p>
   </div>
  </div>
 </body>
</html>
