2626 4476
90 284 110 324 ρ.
123 273 156 315 39.
395 252 471 305 ΠΕΡΙ
488 251 553 305 ΤΟΥ
569 250 698 306 ΠΥΡΡΟΥ
715 249 852 304 mmor.
1121 243 1164 311 μί)

89 429 234 513 τυρῆσαι
248 423 448 512 Νικόδημος,
472 418 698 503 ἐπιδέδεικται
713 417 801 506 [τότε
816 422 929 539 πῆσιΙ·
953 416 1115 505 προσῆκει
1130 416 1166 484 δὲ

91 529 149 593 καὶ
170 550 241 613 παρ
284 521 362 610 ύμῖν
383 538 455 602 τοῖς
477 525 558 610 περὶ
578 515 679 589 αύτοῦ
693 521 811 588 τούτου
826 518 886 610 τῆν
901 520 936 587 δί
923 526 994 608 ίκην
1008 521 1165 603 μέλλουσι

92 632 305 717 ψηφιεῖσθαι
320 622 602 714 ἐξελεγχθῆναι
567 650 626 711 την
640 622 758 690 τούτου
773 629 966 711 μαρτυρίαν.
1004 619 1166 740 6666666
1183 631 1200 685 8

93 729 131 796 δέ
157 733 293 818 πρῶτον
321 729 382 812 μὲν
410 729 491 810 περὶ
519 720 620 793 αύτοῦ
645 724 766 792 τούτου
794 729 990 804 πυθέσθαι,
1024 715 1064 810 ῆν
1092 721 1168 789 τινύ

92 856 179 898 ποτε
200 830 325 919 προῖκά
348 853 452 950 φησιν
475 826 614 905 ἐπιδούς
636 825 789 896 ἐκδοῦναι
796 824 876 915 τῆν
898 819 1084 914 ἀδελφὴνί
1068 849 1086 891 ο
1109 847 1211 906 με·

93 931 319 1056 66666666669
337 957 384 1018 τῳ
413 930 472 998 τδν
499 930 715 1051 τριτάλαντον
745 925 834 995 οἷκον
861 931 1113 1016 κεκτημένῳ,
1097 921 1169 992 είτα

93 1059 239 1122 ποτερον
259 1059 279 1119 η
304 1031 439 1155 ἐγγηητῆ
461 1030 539 1120 γυνὴ
564 1025 713 1153 ἐπέλιπε
733 1029 792 1098 τδν
815 1026 920 1118 ἀνδρα
947 1016 1094 1154 ζωητα”
1073 1052 1092 1113 η
1116 1050 1169 1091 τε-

95 1135 315 1225 λευτῆσαντος
337 1133 397 1201 τὸν
423 1127 580 1201 οίκον
543 1137 659 1216 αυτοῦ,
688 1135 744 1200 καὶ
773 1126 858 1219 παρ’
890 1123 969 1197 ύτου
992 1127 1170 1213 ἐκομίσατο

94 1237 154 1325 τῆν
176 1241 234 1324 τῆς
257 1230 406 1324 ἀδελφῆς
433 1248 558 1324 προῖκα
587 1229 698 1319 οὗτος,
729 1233 844 1322 ἐπειδὴ
873 1229 1111 1322 τετελευτηκώς
1131 1215 1171 1316 ῆν

94 1334 122 1426 ὦ
144 1338 391 1427 μεμαρτύρηκεν
414 1331 510 1414 οὗτος
534 1330 636 1423 αάτῆν
659 1325 866 1424 66666666²
845 1361 865 1421 η
886 1334 915 1401 ει
930 1333 977 1459 μῆ
992 1333 1101 1417 ἐκομί
1073 1331 1206 1411 Meto

96 1437 222 1508 ὁποίαν
244 1441 338 1561 δίκηη
361 1445 455 1506 σίτου
476 1428 501 1526 6
521 1441 580 1526 τῆς
600 1437 743 1526 προικὸς
764 1431 880 1526 αὐτῆς
877 1435 921 1503 ἐν
944 1436 1069 1503 ε’ίκοσιν
1084 1433 1173 1500 ἐτεσι
1281 1500 1284 1506 ,

95 1547 144 1629 τῷ
166 1543 274 1626 ε’χοντι
295 1539 355 1608 τὸν
374 1543 380 1625 Ι
398 1542 517 1627 κλῆρον
540 1541 747 1607 δικάσασθαι
768 1528 964 1625 ἠξίωσεν)
942 1563 961 1626 η
987 1537 1019 1603 εί
1038 1563 1096 1603 του
1116 1528 1173 1602 ἀν

97 1644 252 1763 θρώπων
275 1642 423 1710 ἐναντίον
446 1643 642 1730 προσῆλθεν
664 1640 808 1763 ἐγκαλον
823 1665 869 1763 τηι
857 1640 1078 1768 κληρονόμου
1063 1641 1174 1758 περὶ
1234 1696 1235 1701 ,

97 1751 157 1834 τῆς
179 1743 320 1835 προικὸς
341 1747 401 1832 τῆς
424 1737 572 1832 ἀδελφῆς
587 1742 621 1811 ἐν
634 1743 742 1864 χρόνω
758 1741 917 1844 τοσούτῳ.
949 1748 1043 1871 περί
1059 1766 1095 1807 τε
1118 1737 1174 1807 ούν

95 1847 223 1915 τούτων
244 1836 396 1934 ἡδέως
375 1872 415 1913 αν
437 1839 677 1934 πυθοίμην,”
658 1872 675 1912 ο
698 1852 733 1912 τί
754 1870 823 1912 ποτ
860 1831 900 1933 ῆν
921 1844 959 1912 τὸ
985 1846 1094 1911 αίτιον
1116 1846 1175 1909 τοῦ

97 1949 199 2038 μηδὲν
221 1947 348 2015 τούτων
374 1951 576 2035 γεγενῆσθαι
602 1950 681 2034 περὶ
707 1951 766 2035 τῆς
795 1946 1021 2070 ἐγγηητῆς-
1049 1942 1096 2024 ὥς
1117 1970 1175 2029 με-

97 2050 301 2176 μαρτύρηκεν
324 2043 490 2171 06603-
515 2049 684 2171 γυναικός,
714 2052 770 2116 καὶ
797 2048 885 2137 πρὸς
909 2049 1042 2126 τούτοις
1071 2049 1104 2115 εί
1124 2071 1176 2124 τις
1193 2059 1229 2114 10

99 2147 236 2228 ἀλλος
222 2150 378 2240 εγγυητῆν
399 2150 474 2233 ἐσχε
495 2149 555 2238 τῆν
576 2150 694 2218 τούτου
718 2144 866 2273 ἀδελφῆν
887 2165 1037 2239 γυναῖκα,
1064 2140 1086 2239 6
1107 2153 1175 2216 τῶν

102 2253 278 2375 πρότερον
287 2256 509 2372 χρησαμένων
536 2255 618 2335 πρὶν
646 2257 768 2375 γγιῦναι
796 2252 855 2320 τὸν
887 2250 1045 2342 ἡμέτερον
1077 2257 1175 2319 θεῖον

103 2349 219 2442 αύτήν,
245 2345 278 2472 6
311 2347 387 2421 ὅσοι
420 2352 544 2421 ἐκείνου
578 2354 815 2440 γιγνώσκοντος
848 2354 970 2480 ἐπλησί
958 2355 1049 2435 ίαζον
1083 2347 1175 2440 αύτῆ

99 2448 221 2576 66662
242 2448 381 2543 ύστερον
403 2454 605 2545 ἐπλησίαζον
625 2456 928 2544 τετελευτηκότος’
914 2462 980 2523 εκεί
981 2475 1053 2524 νου·
1078 2456 1176 2541 δῆλον

101 2558 164 2647 γὰρ
187 2551 241 2626 ὅτι
261 2556 321 2625 τδν
346 2551 447 2624 αὐτὸν
468 2553 636 2643 τρόπονδ
668 2551 815 2646 ἀδελφὸς
844 2551 946 2644 αύτῆν
974 2551 1082 2624 ἀπασι
1104 2570 1176 2634 τοῖς

102 2659 346 2748 πλησιάζουσιν
368 2656 531 2726 ἐδεδώκει.
576 2663 655 2746 περὶ
678 2653 725 2726 ὦν
740 2660 770 2727 εἰ
786 2659 915 2748 δεήσειε
929 2653 1011 2725 καθ’
1039 2658 1176 2725 ἕκαστον
1195 2679 1227 2731 11

104 2763 270 2843 διελθεῖν,
300 2753 358 2826 ούκ
387 2750 427 2828 ἀν
455 2760 544 2828 πάνυ
573 2760 690 2850 μικρὸν
719 2761 813 2850 ἐργον
841 2766 980 2849 γένοιτο.
1033 2759 1089 2827 ἐὰν
1118 2761 1178 2844 μὲν

103 2850 162 2930 σύν
183 2859 278 2947 ὑμεῖς
298 2861 463 2950 κελεύητε,
486 2865 564 2951 περὶ
589 2861 685 2930 ἐνίων
707 2869 893 2954 μνησθείην
916 2855 956 2931 ἀν
980 2857 1102 2930 αὐτῶν·
1149 2862 1178 2928 εἰ

103 2966 141 3030 δέ
162 2986 251 3032 τισιν
273 2959 366 3047 ὑμῶν
389 2958 488 3053 ἀηδές
511 2959 641 3032 ἀκούειν
665 2963 764 3047 ἐστίν,
788 2959 903 3052 ὥσπερ
928 2964 1001 3049 ἐμοὶ
1025 2967 1130 3052 λέγειν
1144 2991 1179 3031 τι

102 3069 182 3153 περὶ
205 3064 347 3147 τούτων,
380 3058 482 3144 αύτδις
510 3064 572 3145 τὰς
599 3073 784 3156 μαρτυρίας
807 3063 885 3150 ύμῖν
907 3066 1096 3154 παρέξομαι
1118 3065 1179 3144 τὰς

102 3172 376 3257 μαρτυρηθείσας
398 3165 432 3234 ἐν
453 3172 495 3256 τῆ
517 3174 665 3257 προτέρη
689 3169 777 3258 δίκη,
807 3162 853 3235 ὧν
880 3162 1019 3257 ούδεμιᾷ
1041 3167 1179 3255 ἐπισκῆ-

101 3273 246 3353 ψασθαι
265 3262 414 3356 ἠξίωσαν
437 3263 538 3337 οὗτοι.
583 3276 692 3337 καίτοι
714 3263 802 3337 ὅπου
831 3268 943 3358 κοινῆν
966 3263 1067 3356 αύτῆν
1089 3265 1178 3353 αλμο-

105 3369 282 3494 ληγῆκασιν
305 3367 391 3438 εἶναι
412 3375 471 3438 τοῦ
477 3373 704 3496 βουλομένω),
726 3370 786 3461 τὴν
808 3386 955 3459 γυναῖκα,
977 3375 1052 3492 πιῆς
1069 3361 1109 3437 ἀν
1133 3371 1179 3437 εἰ·

103 3471 211 3549 κύτως
231 3468 251 3559 6
276 3465 356 3560 6666
379 3470 456 3562 γυνη
461 3471 608 3600 ἐγγυητη
598 3472 752 3552 δόξειεν
767 3469 871 3558 είναι,·
894 3467 978 3540 ἀλλὰ
993 3471 1057 3558 μὴν
1073 3468 1179 3540 ὁπότε
1196 3487 1231 3551 16

103 3571 148 3698 μῆ
174 3572 471 3663 ἐπεσκημμένοι
441 3576 507 3641 εισὶ
530 3587 604 3652 ταῖς
627 3569 759 3663 περὶ
722 3579 823 3642 αυτοῦ
837 3575 955 3642 τούτου
971 3580 1178 3662 μαρτυρίαις,

592 3692 702 3699 ὴ...-
904 3692 1177 3699 ..--.--.--

172 3739 401 3799 4έπιδίδεικται
414 3760 498 3811 pr.-
510 3764 574 3798 τοτε
585 3762 653 3798 moa
665 3746 715 3800 del
725 3746 757 3799 δε
769 3761 836 3798 meo
887 3741 1071 3801 85απίλιπε
1083 3750 1180 3808 corrl
1232 3771 1236 3777 ·

103 3826 231 3884 ,ατέλιπε
243 3845 280 3897 pr.
298 3857 332 3867 -
351 3826 515 3882 6τὸνοῖκον
526 3830 553 3882 in
570 3845 620 3896 mg.
633 3835 656 3883 1.
706 3830 733 3885 θ.
747 3834 762 3884 3
775 3825 910 3896 ἠξίωσαυε
929 3847 978 3884 em.
990 3829 1052 3883 Rsk.
1104 3830 1147 3885 10.
1164 3834 1181 3883 6

102 3907 148 3967 ὅτι
167 3910 247 3967 ΠΙ
268 3942 300 3954 -
318 3911 333 3966 ὁ
350 3915 376 3966 in
393 3913 494 3967 v..add.
516 3918 527 3969 1
545 3943 579 3955 -
598 3919 611 3967 ’ί
631 3916 659 3968 ft.
677 3910 833 3969 ἐκδέδωκεν.
892 3916 933 3971 11.
953 3919 967 3967 7
985 3909 1182 3987 δμολογῆκασιν

103 4013 152 4066 pr„
171 4013 234 4051 oorr.
255 4001 277 4052 1.
296 4053 302 4064 ,
330 3997 373 4052 12.
391 4001 407 4052 2
425 4001 645 4068 έπ..σκημμενοι
661 4016 739 4068 pm
756 4002 783 4052 in
801 4017 849 4054 ras.
870 4005 892 4063 1,
910 4016 964 4053 ace.
982 4000 1039 4052 add.
1059 4004 1073 4052 2
