2626 4476
59 264 81 308 p.
95 253 129 298 ος,
372 234 449 287 ΠΕΡΙ
466 233 530 287 ΤΟΥ
545 233 665 288 λΓΝΙΟΥ
681 234 818 289 ΚΛΗΡΟΥ.
1075 232 1134 294 137

60 405 245 495 ἐποιήσατο
272 409 339 471 τῶν
367 409 561 492 θυγατέρων
590 397 691 471 αῦτοῦ
712 410 803 489 μίαν,
830 407 886 472 καὶ
914 404 1022 492 τούτῳ
1045 398 1136 492 αῦτη]

60 507 182 574 ἔδωκεν
198 500 299 595 ὀγρδν
310 499 469 574 Ἐλευσῖνι
485 506 577 573 δυοῖν
592 505 780 586 ταλάντοιν,
796 506 952 593 πρόβατα
968 505 1134 594 ἑξήκοντα,

60 605 158 694 αίγας
173 608 299 686 ἑκατόν,
323 608 462 689 ἔπιπλα,
485 609 595 674 ἵππον
611 605 766 696 λαμπρὸν
789 601 844 696 ἐφ’
864 601 903 674 οὗ
919 605 1134 698 δφυλάρχησε,

58 712 116 777 καὶ
137 708 197 797 τὴν
220 706 322 799 άλλην
344 708 547 797 κατασκευὴν
570 702 718 791 ἅπασαν,
743 702 782 797 ἧς
803 709 915 798 κύριος
938 708 1060 789 ἐκεῖνος
1080 735 1135 797 γε·
1150 719 1187 776 42

60 811 198 896 νόμενος
220 809 313 878 ἐννέα
342 811 398 901 έτη
429 804 491 878 ῦλα
512 812 670 878 κατέλιπε
692 815 793 878 πέντε
820 811 993 879 ταλάντων
1019 805 1136 879 οῦσίαν

59 916 117 981 καὶ
137 916 330 1002 τρισχιλίων
353 914 506 1002 δραχμῶν
530 912 589 980 σῦν
603 912 817 991 τοῖςέαυτοῦ
831 908 1013 1002 πατρῴοις,
1034 917 1137 1002 χωρὶς

60 1013 185 1104 ἐκείνης
206 1010 246 1104 ἧς
271 1019 413 1104 Θεοφιῦν
435 1018 475 1103 τῇ
501 1018 647 1104 θυγατρὶ
671 1009 771 1083 αῦτοῦ
793 1015 922 1098 ἐ’δωκεν,
952 1009 1054 1103 ὀγρὸν
1076 1016 1137 1100 μὲν

61 1121 188 1204 Θριᾶσι
209 1112 314 1185 πένθ’
339 1114 549 1208 ἡμιτάλαντα
579 1114 786 1206 εῦρίσκοντα,
815 1117 922 1186 οίκίαν
945 1117 981 1184 δέ
1003 1120 1135 1206 Μελίτῃ

57 1224 251 1307 τρισχιλίων
281 1221 476 1311 ἐωνημένην,
510 1217 613 1310 άλλην
646 1221 682 1288 δὲ
707 1215 863 1289 Ἐλευσῖνι
897 1227 1136 1289 πεντακοσίων.

61 1319 170 1411 ἐδάφη
199 1324 259 1408 μὲν
287 1327 409 1410 ταῦτα,
443 1315 505 1411 ὀιφ’
531 1317 578 1389 ιδν
606 1318 626 1410 ἦ
657 1329 830 1406 μίσθωσις
858 1326 918 1389 τοῦ
945 1323 1006 1408 μὲν
1036 1317 1138 1411 ἀγροῦ

61 1423 188 1491 διύδεκα
209 1439 301 1510 μναῖ,
322 1428 390 1491 τῶν
413 1425 448 1491 δὲ
471 1425 584 1491 οἰκιῶν
606 1439 710 1510 τρεῖς,
742 1428 778 1491 αἳ
799 1425 1036 1492 πεντεκαίδεκα
1057 1441 1140 1510 μναῖ

61 1526 299 1616 συναμφότερα
325 1533 510 1615 γίγνονται·
537 1531 619 1613 χρέα
645 1520 676 1592 δ’
708 1525 766 1593 ὀπὶ
795 1526 907 1604 τόκοις
934 1521 1139 1616 ὀφειλόμενα

60 1631 142 1716 περὶ
163 1631 437 1717 τετρακισχιλίας,
460 1623 507 1695 ιῦν
527 1627 566 1696 τὸ
583 1627 679 1715 ἔργον
694 1621 751 1694 ἐπ’
771 1626 864 1695 ἐννέα
878 1622 1013 1712 ὀβολοῖς
1035 1628 1139 1696 ἑπτα-

61 1731 175 1799 κόσιαι
189 1737 244 1800 καὶ
268 1733 374 1800 ε’ίκοσι
390 1732 535 1819 δραχμαὶ
556 1738 725 1818 γίγνονται
739 1735 799 1799 τοῦ
821 1730 973 1798 ἐνιαυτοῦ
989 1730 1138 1800 ἑκάστου.

62 1831 230 1919 πρόσοδος
249 1834 311 1918 μὲν
334 1826 415 1922 αῦτη
439 1831 498 1899 δύο
520 1835 577 1898 καὶ
599 1832 706 1899 ε’ίκοσι
726 1846 809 1917 μναῖ
828 1835 883 1900 καὶ
906 1833 1011 1920 πρός·
1035 1837 1137 1921 χωρὶς
1152 1839 1190 1897 48

63 1933 99 2000 δὲ
126 1934 252 2004 τούτων
283 1938 461 2003 κατέλιπεν
491 1935 638 2013 ἐ’πιπλα,
668 1934 838 2024 πρόβατα,
867 1935 1007 2021 κριθάς,
1039 1933 1138 2016 οίνον,
1277 1925 1280 1931 “

62 2029 210 2123 ὀπώρας,
234 2036 270 2115 ἐξ
291 2032 337 2104 ὦν
353 2036 559 2126 ένεπόληοαν
574 2038 838 2126 τετρακισχιλίας
855 2035 1065 2115 ἒννακοσίας·
1089 2036 1139 2105 ἔτι

62 2136 99 2202 δὲ
122 2135 217 2204 ένδον
232 2137 424 2216 ἐννακοσίας
446 2138 603 2225 δραχμάς.
642 2138 730 2227 πρὸς
752 2137 788 2204 δέ
803 2138 934 2217 τούτοις
957 2136 994 2217 ἐξ
1014 2136 1139 2224 ἐράνων

61 2231 244 2327 ὀφλήματα
259 2238 540 2326 εἰσπεπραγμένα,
563 2244 682 2326 μικροῦ
698 2238 837 2319 δεούσας
848 2242 960 2324 χιλίας
981 2240 1138 2329 δραχμάς,

61 2339 238 2429 μαρτύρων
262 2337 410 2407 ἐναντίον
431 2337 451 2428 ἡ
473 2341 581 2430 μήτηρ
605 2337 723 2424 αῦτοῦ,
745 2346 804 2408 τοῦ
827 2342 967 2423 παιδός,
991 2336 1139 2432 άπεγρά-

63 2455 165 2529 ψατο.
210 2445 267 2508 καὶ
295 2437 392 2511 οῦπιο
422 2444 504 2528 λέγω
534 2446 614 2531 περὶ
641 2446 708 2510 τῶν
735 2439 855 2525 ἄλλων,
885 2442 906 2510 δ
932 2448 1138 2534 κατελείφθη

62 2545 122 2630 μὲν
145 2538 239 2611 οὗτοι
262 2536 294 2611 δ’
321 2538 380 2611 οῦκ
402 2538 663 2635 ἀποφαίνουσιν,
693 2539 778 2612 ἀλλὰ
800 2546 842 2612 τὰ
866 2545 995 2635 φανερά
1020 2547 1139 2614 καὶτὰ

62 2642 129 2714 ύπδ
153 2646 280 2714 τούτων
303 2643 567 2733 ὁμολογούμεναι
605 2647 713 2714 Κάλει
737 2647 773 2714 δέ
794 2672 854 2732 μοι
875 2651 941 2715 τιῦν
961 2647 1140 2735 εἰρημένων

62 2747 140 2826 τοῦς
161 2749 341 2837 μάρτυρας.

488 2854 710 2908 ΜΑΡΤΥΡΕΣ.

144 2949 189 3019 Ἡ
212 2953 274 3036 μὲν
302 2960 414 3022 τοίνυν
435 2954 679 3040 Στρατοκλέους
709 2947 808 3021 οῦσία
828 2956 884 3021 καί
912 2955 1038 3022 πλείων
1059 2953 1139 3021 ταύ-
1154 2965 1193 3024 44

63 3078 122 3142 της
144 3052 250 3120 ἐστίν·
275 3048 348 3121 ἀλλ’
373 3048 511 3139 ῦοτερον
533 3058 611 3145 περὶ
635 3059 702 3122 τιῦν
724 3055 1050 3145 παραιλεπτῦμένων
1072 3051 1139 3123 ύπδ
1175 3060 1184 3110 ’-

63 3154 190 3222 τούτων
212 3156 402 3244 ποιήσομαι
423 3156 501 3235 τούς
524 3156 656 3243 λόγους·
686 3152 705 3243 ἡ
730 3151 762 3222 δ’
789 3155 849 3244 ἐμὴ
873 3157 964 3247 πόση
986 3183 1056 3240 τις,·
1075 3183 1142 3240 χω-

64 3262 137 3340 ρίον
160 3255 193 3322 έν
214 3256 316 3345 Οἰνόῃ
338 3259 616 3341 πεντακισχιλίων
631 3261 686 3324 καὶ
702 3260 927 3346 Προοπαλτοῖ
940 3261 1140 3347 τρισχιλίων,

64 3359 120 3424 καὶ
143 3356 232 3426 οἰκία
255 3357 289 3426 ἐν
314 3355 408 3426 άστει
431 3359 612 3444 δισχιλίων,
635 3357 722 3448 πρὸς
745 3359 781 3426 δέ
802 3358 934 3438 τούτοις
952 3355 1000 3444 (δ)
1022 3361 1142 3448 κλῆρος

63 3461 101 3532 δν
129 3456 263 3547 Ἁγνίας
283 3463 458 3543 κατέλιπε,
481 3464 562 3551 περὶ
585 3461 643 3529 δύο
666 3461 829 3529 τάλαντα·
860 3455 898 3528 ού
920 3460 983 3550 γὰρ
1007 3451 1047 3528 δν
1070 3455 1138 3528 οἶδ’

150 3645 274 3716 4τούτῳ
298 3643 373 3716 αύτῷ
396 3648 428 3703 de
451 3665 522 3703 meo:
547 3646 598 3704 τόν
615 3647 649 3701 θ’
670 3645 753 3701 αὑτοῦ
830 3647 876 3703 42.
895 3654 911 3702 4
929 3646 1074 3718 διάφρωνε
1093 3663 1142 3703 em.

65 3731 155 3802 Steph.
173 3763 207 3773 -
225 3737 241 3788 6
261 3729 419 3803 ὥνημίνηνι
434 3750 488 3789 ειη.
509 3734 569 3788 ask.
588 3764 621 3775 -
641 3739 656 3788 8
674 3737 745 3805 τριῖε
762 3733 792 3786 αἲ
809 3750 874 3788 corr.
893 3737 916 3799 2,
934 3751 1087 3805 τρ...οοιαι
1104 3750 1142 3802 pr.
1167 3751 1170 3756 ·

149 3818 196 3875 43.
216 3823 224 3872 1
247 3820 299 3887 μὲν
316 3835 379 3872 corr.
392 3823 414 3885 1,
432 3815 463 3871 δὲ
477 3836 514 3887 pr.
532 3848 567 3857 -
583 3818 658 3887 μνᾶα
673 3836 710 3887 pr.
729 3847 761 3858 -
781 3822 795 3872 3
814 3816 1005 3884 ένοποίλησανε
1025 3833 1073 3871 em.
1083 3819 1142 3871 Sca·

10 3923 12 3928 ·
64 3904 129 3972 liger
140 3933 175 3944 -
193 3909 209 3957 4
226 3899 336 3959 τούτο..
355 3921 401 3972 ρο,
420 3909 506 3958 corr.1
528 3935 560 3943 -
580 3908 595 3959 6
614 3898 682 3970 αὐτὴ
695 3903 756 3956 Βελι.
825 3903 870 3959 44.
889 3908 904 3956 5
923 3897 938 3956 δ
955 3903 1013 3956 add.
1024 3902 1142 3956 Schoem.

64 3981 297 4042 -sshaml
742 4013 745 4016 ·
1085 4000 1086 4003 ’
