2626 4476
51 279 72 318 6
94 267 127 310 62
338 249 414 302 ΠΕΡΙ
431 250 496 303 ΤΟΥ
512 249 712 304 ΑΡΙΣΤΔΡΧΟΥ
729 250 867 305 ΚΛΗΡΟΥ.
1078 249 1138 310 123

58 413 153 487 οὗτοι
169 419 205 485 δὲ
217 420 540 508 φιλοχρηματούντες
550 422 605 487 καί
621 418 746 509 ἐκείνην
759 413 1022 508 ἀποστεροῦντες
1034 425 1139 488 ταῦτα

58 521 174 589 πάντα
197 518 453 641 ἐμηχανήσαντο.

57 635 60 638 ’
137 617 236 701 Ἰσως
258 621 315 690 οὖν
337 617 408 706 (ἄν)
430 647 491 708 τις,
514 621 540 689 ὠ
526 610 747 749 666669,
713 648 771 690 τον
791 623 910 711 χρόνον
935 620 1033 745 6666
1049 629 1137 690 666-
1154 639 1190 694 18

58 725 188 832 μύσειε,
210 729 286 803 πιύς
308 749 393 792 ποτε
416 717 578 792 πολύν
546 719 652 846 66669
675 723 834 810 εἰάσαμεν
853 729 908 793 καὶ
932 719 1139 848 660666666-

58 829 155 912 μενοι
185 820 243 894 ούκ
270 851 352 914 ημεν
382 819 439 892 666
473 819 570 907 6666,
601 819 687 892 ἀλλὰ
716 830 785 894 νυνὶ
815 831 895 916 περὶ
925 821 1033 894 αύτιόν
1060 827 1139 906 τούς

58 929 178 1016 λόγους
207 928 413 1014 ποιούμεθα.
459 926 520 1015 ἰγιύ
552 928 588 994 δὲ
616 924 711 1012 οἶμαι
738 923 862 1013 μέν’
827 956 865 997 ου
895 931 1023 1048 6666666
1052 927 1138 998 εἶναι

15 1027 16 1031 ’
52 1029 117 1099 διδ
139 1035 238 1152 66666
262 1029 440 1098 έλαττον”
422 1055 516 1113 εχειν,
547 1030 580 1096 εἰ
599 1055 650 1109 τις
671 1029 715 1118 μὴ
740 1022 932 1152 66666666
910 1059 930 1098 τ
954 1033 1137 1158 κατημέλη·
1210 1092 1212 1096 ,

59 1155 179 1201 σεν-
203 1126 241 1199 ού
269 1132 332 1254 766
353 1131 452 1199 τοῦτό
482 1130 553 1200 ἐστι
576 1138 745 1215 σκεπτέον,
776 1126 918 1200 όιλλόι
883 1160 922 1201 το
946 1137 1084 1222 πρᾶγμα
1107 1135 1137 1200 εἰ

59 1225 237 1303 δίκαιον
216 1261 236 1322 η
266 1235 365 1335 μή
341 1253 398 1282 -·
430 1227 521 1317 ὅμως
548 1238 663 1318 μέντοι
685 1237 843 1324 καὶπερὶ
870 1236 999 1303 τούτιον
1029 1236 1137 1304 αἰτιον

58 1336 207 1406 εἰπεῑν”
190 1361 314 1421 εχομεν,
338 1333 365 1402 ὠ
350 1320 515 1423 ἅνδρες.
553 1332 570 1403 ό
594 1335 657 1424 γὰρ
679 1336 866 1460 πατηρι
815 1334 852 1406 66
854 1336 918 1422 μός
940 1337 997 1405 ἰπί
1020 1342 1134 1426 προικὶ
1153 1349 1189 1407 16

54 1439 299 1528 ἐγγυησάμενος
331 1435 391 1524 τὴν
422 1434 519 1558 6666
530 1442 657 1527 μητέρα
685 1439 839 1558 συνῴκει,
869 1438 927 1507 τόν
956 1440 992 1506 δὲ
1019 1442 1137 1558 κλῆρον

57 1541 186 1609 τούτιον
214 1544 455 1630 καρπουμένων
485 1532 542 1606 666
572 1536 656 1661 εἰγεν
686 1534 781 1620 ὅπως
810 1534 1093 1629 εἰσπράξαιτο·ί
1080 1536 1137 1609 ότε

56 1642 122 1750 766
144 1645 223 1729 περὶ
248 1634 348 1762 66666
335 1639 526 1762 λόγους
512 1641 696 1764 εποιησατη
712 1648 771 1771 669
792 1642 917 1733 μητρὸς
932 1642 1136 1732 κελευούσης,

58 1751 152 1813 οὑτοι
176 1747 280 1811 ταῦτα
309 1736 398 1830 αύτῷ
427 1736 624 1832 ἠπείλησαν,
655 1738 751 1812 αύτοὶ
774 1739 1116 1872 ἐπιδικασάμενοι
1077 1772 1136 1813 66

56 1845 117 1935 τὴν
140 1844 295 1928 ἕξειν,’
266 1870 329 1930 ειη
316 1843 360 1962 μη
389 1844 546 1966 βούλοιτο
570 1838 670 1966 αὐτὸς
692 1845 752 1915 ἰπὶ
772 1849 888 1934 προικι
918 1847 1013 1931 ἔχειν.
1058 1843 1136 1915 666

57 1948 180 2036 πατήρ,
204 1940 289 2015 6666
310 1950 370 2034 τῆς
391 1945 525 2067 μητρός
538 1946 581 2034 μὴ
607 1952 822 2038 στερηθῆναι,
843 1951 900 2016 καὶ
923 1949 974 2026 δὶς
989 1952 1136 2016 τοσαῦτα

54 2050 208 2140 χρήματα
230 2049 343 2117 εἰάσεν
366 2038 406 2116 όν
430 2043 549 2127 666669
571 2054 799 2137 καρποῦσθαι.
843 2052 898 2117 και
921 2053 982 2117 τού
1003 2049 1135 2135 μεντδν
1149 2063 1188 2121 26

56 2157 190 2274 πατέρα
211 2178 254 2240 μη
243 2146 514 2230 ἰπεξελῖεῖν“
496 2150 581 2239 υπὲρ
604 2151 731 2220 τούτιον
744 2151 842 2220 τοῦτό
859 2150 930 2220 6666
952 2151 989 2220 τό
1007 2152 1132 2220 αἰτιον·

52 2253 141 2377 6666
164 2253 200 2320 66
220 2256 327 2321 ταῦτα
349 2248 613 2340 όΚορινθιακδς
634 2253 783 2340 πόλεμος
803 2253 977 2373 ἰγένετο,’
963 2279 997 2322 εν
1019 2281 1045 2342 ῳ
1070 2253 1132 2342 ἰγιδ

56 2350 205 2480 ηόοιεῖνος
228 2354 474 2443 στρατεύεσθαι
495 2347 825 2481 666766666666,⁰
797 2378 884 2423 ιοστε
906 2348 1115 2475 ηύδετέρῳ
1093 2383 1133 2424 αν

55 2455 149 2547 ἡμῶν
178 2459 351 2547 δέκηνε
299 2456 371 2543 ἰξεγ
364 2460 462 2523 ένετο
491 2458 615 2576 λαβεῖν.
666 2455 797 2546 εἰρήνης
824 2483 843 2522 τ
889 2444 929 2524 66
958 2462 1134 2584 γενομένης

52 2559 132 2646 ἰμοί
153 2585 188 2629 τι
211 2553 360 2649 ἀτύχημα
382 2557 469 2681 πρός
489 2557 527 2626 τό
553 2558 714 2646 δημόσιον
737 2563 865 2648 συνέβη
896 2551 982 2625 ὥστε
1003 2559 1047 2647 μὴ
1072 2559 1132 2681 66-

55 2664 128 2732 διον
158 2659 244 2730 εἶναι
273 2660 361 2749 πρὸς
388 2661 525 2738 τούτους
554 2660 792 2783 διαφέρεσθαι.
843 2653 929 2727 ὥστε
952 2654 990 2727 06
1013 2660 1133 2749 μικρὰς

51 2767 171 2852 ἰχομεν
200 2764 311 2842 αἰτίας
338 2765 419 2849 περὶ
446 2766 506 2829 τού
533 2761 739 2850 πράγματος.
790 2755 875 2829 ἆλλόι
905 2765 976 2830 νυνὶ
1002 2764 1130 2832 δίκαιον
1148 2777 1184 2834 21

52 2869 166 2937 εἰπεῖν
180 2866 281 2988 ἰσηιν,
304 2892 330 2931 ιο
317 2851 516 2948 ’ἄνδρεςτ
497 2870 587 2942 τίνος
602 2863 758 2941 666669'‘
741 2889 806 2948 εχει
823 2862 882 2932 τόν
896 2866 1025 2989 κλῆρον,
1047 2865 1131 2933 κατὰ

53 2975 177 3048 ποίους
199 2967 320 3086 νόμηυς
335 2966 384 3044 εἰς
405 2964 484 3045 τούς
506 2966 674 3054 φράτερας
697 2965 855 3088 εἰσῆκται,
877 2970 933 3034 καὶ
955 2972 1030 3045 πῶς
1049 2961 1109 3089 6³
1073 2994 1131 3036 ουκ

54 3070 233 3192 ἰπίκληρος
261 3055 301 3158 ἦν
330 3066 389 3135 ἐπὶ
417 3067 550 3174 τούτοις
578 3081 650 3145 τοῖς
675 3067 841 3188 χρήμασιν
868 3065 887 3158 6
918 3067 979 3157 666
1012 3069 1129 3159 μήτηρ.

52 3176 159 3294 τηιῦτα
186 3171 251 3293 γάρ
279 3169 349 3238 ἐστι
378 3173 459 3257 περὶ
486 3163 533 3236 ὦν
561 3165 648 3292 ημᾶς
677 3168 784 3237 δεῖ
748 3196 808 3258 την
835 3170 995 3260 66666’
980 3185 1129 3259 ενεγκεῖν,

55 3268 113 3343 ούκ
135 3273 166 3342 εἰ
192 3273 300 3363 χρόνῳ
328 3298 362 3340 τι
390 3265 529 3359 ύστερον
554 3266 652 3360 ἡμεῖς
678 3275 746 3338 τῶν
773 3267 941 3360 ἡμετέρων
969 3273 1130 3358 εἰσπρατ-

51 3375 198 3462 τόμεθα.
240 3373 284 3463 66
314 3375 525 3464 δυνηθέντων
555 3374 591 3440 66
613 3372 796 3455 ἐπιδεῖξαι,
827 3375 964 3452 δικαίως
987 3365 1027 3441 66
1050 3374 1130 3459 ἰμδν

55 3471 156 3544 αύτδν
178 3472 265 3545 εἶναι
286 3481 517 3565 ψηφίσαισθε.
1193 3554 1203 3568 ·

142 3583 249 3646 Τοῦτο
272 3579 332 3663 μὲν
354 3575 422 3645 066²
440 3571 493 3646 666
515 3591 628 3645 ποιεῖν
643 3570 701 3660 ούχ
724 3571 841 3645 οἷοίτ’
860 3576 1010 3644 ἰσονται·
1031 3578 1128 3660 χαλε·
1143 3591 1180 3648 62

53 3679 120 3748 πδν
141 3678 206 3768 γὰρ
228 3678 315 3770 πρὸς
330 3679 452 3764 νόμους
465 3682 521 3746 καὶ
545 3680 673 3746 δίκαιον
688 3683 827 3768 πρᾶγμα
842 3673 1025 3767 ἀντιλέγειν
1041 3676 1128 3747 6666·

105 3827 179 3890 ‚16
199 3836 212 3887 1
232 3827 267 3886 ἂν
285 3832 341 3886 αδδ.
354 3832 427 3886 Turr-
478 3830 521 3886 19.
540 3836 555 3885 6
575 3827 649 3898 αύτῷ
668 3848 732 3885 corr.
745 3835 768 3896 2,
787 3827 872 3887 αύτὸν
886 3847 924 3901 pr.
976 3830 1021 3887 20.
1040 3835 1056 3887 8
1072 3836 1129 3897 έχο·

50 3935 103 3985 μιν
119 3915 208 3970 εἰπεῖν
225 3916 284 3970 Dbr.
336 3915 379 3971 21.
397 3919 413 3970 2
431 3920 485 3980 ἔχει
503 3915 553 3968 del.
571 3915 643 3970 Turr.
660 3945 696 3955 -
714 3920 727 3969 5
753 3920 909 3988 ...τνεγιιεῖν
926 3933 964 3984 pr.
983 3921 1059 3984 (eras.
1076 3916 1129 3971 vld.

52 4001 96 4068 εῖτ)
114 4031 148 4043 -
167 4004 183 4056 8
202 4001 366 4072 66666.'666
383 4016 431 4070 pr,
448 4016 512 4055 corr.
530 4004 554 4055 6.
