2626 4476
146 229 207 290 134
632 232 741 286 ΙΣΑΙΟΥ
1145 249 1183 294 01,
1195 251 1227 293 11.

143 402 243 470 παιδὶ
274 404 387 486 λαβεῖν
423 399 693 488 ἐπιδικασαμένφ
723 395 806 491 παρ’
840 400 921 487 ἐμοῦ
950 401 988 470 τδ
1019 398 1225 492 ήμικλήριον,

145 498 204 571 οέκ
234 499 275 571 άν
306 529 392 571 ποτε
422 497 520 570 ταῦτ’
546 503 710 592 ἐποίησαν
739 497 854 571 οδδΗ
840 530 938 588 επεχε
941 510 1069 594 ίρήσαν,
1100 505 1227 585 εἰδότες

145 599 208 688 ὅτι,
231 600 283 674 ὅτ’
303 605 337 673 ἐν
358 610 400 693 τῇ
423 599 595 695 ἀγχιστεία
616 605 661 693 μή
685 601 778 685 ὄντες
801 604 888 690 εἶχόν
910 612 1026 675 τιτῶν
1047 607 1090 692 μδ
1116 633 1225 729 προσ-

143 708 299 798 ηκόντων,
321 701 414 775 τοῦτ’
436 697 475 774 ἀν
497 703 565 774 ὑπὸ
588 711 654 774 ταῖν
678 706 837 794 ἐγγύτατα
858 713 972 795 γένους
987 709 1066 797 ῥριδί
1067 734 1114 787 ως
1137 703 1226 798 ἀφῃ-

144 816 303 933 ρέθήσον.
342 836 359 878 ο
376 835 441 898 περ
463 808 526 898 γάρ
547 812 605 876 καὶ
626 808 792 896 πρότερον
813 805 979 893 εῖπον,’
944 818 1033 879 ουί
999 812 1033 878 δί
1035 812 1121 879 δωσι
1135 807 1222 898 μεθ

141 908 231 1035 ήμάς
252 926 323 991 τοῖς
344 907 518 1001 ἡμετέροις
540 914 642 978 παισὶ
664 909 701 978 τὸ
731 911 897 998 παράπαν
918 912 979 1001 τήν
1003 907 1196 1001 ἀγχιστείαν
1219 917 1225 1000 Ι

90 1010 161 1082 8θὸ
187 1015 297 1098 νόμος,
321 1007 406 1081 ἀλλὰ
422 1028 494 1092 τοῖς
515 1013 603 1131 πρὸς
624 1012 749 1103 μήτρδς
769 1039 827 1082 του
815 1012 1109 1138 τελευτήσαντος.
1149 1011 1225 1105 ήκεν

144 1107 184 1183 ἀν
219 1103 277 1184 οὗν
303 1109 360 1183 ἐπ’
388 1109 471 1182 αέτά
501 1119 600 1182 τοῦτο
629 1111 736 1200 μέν(
718 1142 735 1182 ο
768 1123 798 1181 Γ
796 1114 971 1184 λαοκων
954 1143 971 1183 ο
1001 1121 1061 1185 τοῦ
1091 1114 1223 1238 Ἀγγίου

144 1211 300 1306 ἀδελφός,
324 1215 412 1303 πρὸς
434 1215 472 1283 δν
494 1215 539 1305 μή
556 1209 609 1284 ὅτι
630 1222 723 1303 γένος
739 1213 864 1300 εἶχον”
841 1243 978 1302 αμεινον
993 1219 1112 1301 εἰπεῖν,
1137 1213 1222 1287 ἀλλά

142 1320 199 1385 καὶ
222 1316 285 1396 ἐξω
307 1321 366 1405 τής
389 1310 578 1403 ἀγχιστείας
608 1312 779 1407 ἐφαίνοντ’
806 1309 846 1386 άν
868 1314 976 1401 ὄντες,
998 1323 1099 1387 τοῦτο
1123 1313 1172 1401 δ’,
1195 1320 1224 1388 εί

142 1418 187 1507 μή
212 1417 366 1504 ἐβούλετο
389 1413 485 1498 οὗτος
491 1471 500 1501 ,
529 1415 550 1504 ή
574 1414 705 1506 Ἁγνίου
727 1413 877 1488 κάκείνου
902 1420 1025 1510 μήτηρ,
1053 1426 1222 1511 προσῆκον

141 1524 198 1589 καὶ
228 1515 311 1610 αὐτῇ
336 1525 396 1609 τής
425 1514 614 1607 ἀγχιστείας
639 1526 700 1588 τοῦ
731 1519 832 1610 αὑτῆς
860 1523 966 1605 υἱέος,
996 1517 1087 1589 ὥσθ’
1117 1521 1222 1593 ὁπότε

140 1616 317 1712 ἠγωνίζετο
346 1622 434 1712 πρὸς
463 1622 541 1702 τοδς
562 1623 664 1713 μηδὲν
686 1629 773 1710 γένει
795 1624 1040 1712 προσήκοντας,
1069 1630 1222 1715 φανερῶς

143 1715 184 1790 ἀν
214 1725 312 1811 ’ἔλαβε
339 1724 377 1791 τδ
406 1721 603 1814 ήμικλήριον
631 1719 716 1812 παρ’
741 1723 849 1811 δμιῦν,
879 1731 978 1794 τοῦτο
1008 1731 1068 1794 τοῦ
1091 1727 1220 1796 δικαίου

90 1831 199 1904 81καὶ
220 1831 288 1894 τῶν
316 1826 427 1912 νόμων
456 1822 539 1916 αὐτῇ
562 1827 764 1896 δεδωκότων.
814 1822 1013 1897 οὗκοῦνδιά
1040 1824 1138 1896 ταῦτ’
1165 1826 1220 1898 οὐκ

141 1929 327 2016 ἐλάγχανεν,
351 1925 409 2013 οὐχ
423 1926 470 2008 ὥς
485 1924 532 1999 δι’
552 1929 609 2014 ἐμὲ
623 1921 645 2018 ή
660 1929 737 2008 τοὺς
752 1931 874 2014 νόμους
887 1931 1113 2015 κωλυόμενος,
1129 1926 1220 2000 ,ἀλλὰ

140 2032 264 2109 ταύτας
287 2031 370 2119 [τάς]
393 2031 584 2121 προφάσεις
604 2031 808 2116 ποιούμενος
830 2031 890 2100 ἐπὶ
904 2034 1027 2112 ταύτας
1048 2034 1111 2113 τὰς
1127 2059 1219 2103 συκο-

143 2141 288 2223 φαντίας
311 2129 483 2222 ἐλήλυθεν,
507 2131 543 2211 ἐξ
556 2127 602 2200 οἷν
624 2133 756 2223 γραφήν
769 2135 985 2222 γραψάμενος
1000 2139 1055 2204 καί
1072 2135 1130 2221 ἐμὲ
1146 2139 1218 2206 δια-

141 2235 274 2320 βάλλων
298 2234 425 2314 ἐλπίζει
444 2234 598 2323 χρήματα
621 2235 797 2323 λήψεσθαι
811 2240 867 2304 καὶ
883 2236 940 2322 ἐμὲ
960 2242 1019 2326 τῆς
1034 2236 1218 2329 ἐπιτροπῆς

142 2331 360 2415 ἀπαλλάξειν.
404 2340 458 2404 καὶ
489 2338 597 2404 σ’ίεται
626 2339 736 2406 δεινοῦ
765 2364 856 2418 τινος
878 2333 999 2427 ἀνδρὸς
1027 2340 1123 2428 ἐργον
1147 2342 1220 2410 δια-

141 2441 357 2531 πράττεσθαι
372 2439 510 2520 ταύταις
524 2455 599 2518 ταῖς
613 2454 850 2529 παρασκευαῖς,
869 2435 923 2509 ὅτι
937 2441 981 2530 μή
997 2444 1217 2532 κατορθώσας

140 2545 202 2630 μέν
225 2537 319 2611 οέδέν
349 2536 473 2610 ἀπολεῖ
498 2547 566 2610 τῶν
596 2539 697 2610 αὑτοῦ
703 2595 712 2624 ,
743 2542 1014 2630 διαπραξάμενος
1037 2539 1070 2610 δ’
1097 2544 1218 2631 ἀβού-

142 2649 237 2715 λεται
258 2649 315 2712 καὶ
336 2644 379 2712 τά
401 2649 459 2712 τοῦ
480 2644 606 2724 παιδὸς
629 2639 736 2724 ἀδεῶς
757 2640 820 2734 ἤδη
844 2645 1054 2734 διαφορήσει.

89 2760 128 2818 82
233 2742 359 2816 Οὗκοῦν
375 2741 413 2814 οὗ
437 2747 489 2815 δεῖ
509 2752 685 2835 προσέχειν
707 2744 793 2833 ὑμᾶς
814 2762 886 2826 τοῖς
900 2749 1019 2815 τούτου
1036 2749 1149 2835 λόγοις
1162 2750 1219 2817 τδν

142 2854 232 2930 νοῦν,
263 2842 333 2915 οὐδ’
360 2847 570 2935 ἐπιτρέπειν,
603 2843 674 2915 οὐδ’
707 2848 833 2929 ἐθίζειν
862 2846 950 2917 εἶναι
980 2849 1114 2939 γραφάς
1142 2853 1218 2938 περὶ

142 2945 188 3019 ὦν
212 2950 301 3028 ἰδίας
323 2950 417 3028 δίκας
439 2950 471 3017 οἱ
494 2949 592 3035 νόμοι
613 2950 850 3039 πεποιήκασιν.
896 2949 990 3018 άπλά
1017 2952 1080 3041 γὰρ
1103 2952 1147 3021 τά
1169 2954 1217 3021 δί-

129 3080 221 3138 καια
249 3051 468 3119 παντάπασίν
498 3051 570 3119 ἐστι
598 3055 654 3119 καί
681 3053 831 3140 γνώριμα
853 3060 994 3138 μαθεῖν·
1025 3053 1046 3121 ά
1076 3054 1140 3141 ἐγιδ
1164 3052 1217 3123 διά

141 3159 290 3243 βραχέων
319 3153 425 3221 είπτδν
454 3157 510 3222 καὶ
538 3153 907 3243 παρακαταθέμενος”
890 3171 967 3241 υμῖν
993 3157 1216 3245 μνημονεύειν,

142 3256 200 3324 ἐπὶ
229 3255 288 3344 τὴν
316 3252 426 3376 άλλήν
446 3251 632 3344 ἀπολογίαν
659 3254 722 3347 ήδη
751 3262 922 3384 τρέψομαι
948 3261 1015 3326 των
1037 3284 1217 3348 κατηγορή-

89 3371 128 3429 83
143 3364 282 3427 θέντων.
326 3365 361 3425 τί
389 3344 446 3426 οάν
475 3357 546 3427 ἐστι
575 3363 696 3441 ταῦτα,
727 3362 783 3426 καὶ
810 3366 845 3426 τί
873 3361 962 3446 διορί
964 3359 1138 3444 ζομαι,·’
1108 3386 1138 3428 ει
1159 3365 1217 3445 μέν

141 3456 215 3529 κατ’
242 3456 430 3548 ἀγχιστείαν
452 3464 519 3527 τῶν
534 3457 665 3547 Ἁγνίου
688 3467 838 3546 μετεῖναί
860 3485 945 3552 φησι
965 3466 1014 3548 τοῖ
1036 3462 1138 3529 παιδί
1159 3464 1216 3528 τοῦ

140 3560 352 3652 ήμικλήρίου,
384 3564 510 3645 λαχέτω
531 3561 620 3651 πρὸς
640 3561 699 3629 τδν
722 3553 950 3651 ἀρχοντα,
908 3588 969 3630 κατ
990 3525 1085 3647 δμεῖς
1106 3569 1216 3655 ψηφί-

229 3736 246 3785 4
263 3727 315 3796 ὅτι,
334 3726 376 3785 ὅτ’
396 3727 561 3787 Βλ.ι*ὁπίτ’
641 3732 686 3788 80.
705 3737 720 3786 2
738 3738 799 3801 post
817 3727 893 3785 αὐτά
906 3739 1031 3801 punctum
1049 3740 1075 3786 et
1093 3735 1184 3789 lacuna
1201 3735 1216 3784 2

141 3820 191 3871 litt.
214 3844 249 3856 -
271 3820 286 3871 8
304 3816 386 3869 τοῦτο
403 3833 467 3873 corr.
486 3820 510 3884 2,
528 3814 636 3872 τοίτο..
654 3835 692 3886 pr.
776 3817 820 3873 81.
839 3821 854 3870 2
872 3819 932 3885 ἐμὲ.
951 3835 989 3886 pr.
1010 3820 1084 3893 -Ᾰ3
1102 3813 1150 3871 vac
1170 3817 1217 3871 del.

142 3903 202 3957 flbr.
219 3930 253 3941 -
271 3905 288 3954 4
306 3902 353 3969 έμδ
370 3901 432 3955 Bk:
449 3921 483 3970 με
550 3901 597 3959 82.
618 3909 628 3958 l
649 3900 747 3957 τούτου
765 3919 829 3957 corr.
847 3907 869 3970 1,
886 3899 993 3959 τοάτ...
1012 3920 1050 3970 pr.
1068 3933 1102 3943 -
1120 3905 1136 3956 2
1153 3895 1214 3956 οὔτ’

143 3984 250 4052 ἐθίζειν
266 4002 312 4054 pn,
330 4002 394 4039 corr.
416 3992 426 4040 1
449 4016 479 4027 -
499 3991 515 4042 6
533 3988 593 4040 τῶν
610 4005 673 4042 corr.
693 3992 716 4053 2,
735 3989 776 4040 τῶ
795 4004 832 4054 pr.
