2626 4476
150 245 210 306 122
637 247 745 302 111101
1147 265 1227 308 0310.

149 412 374 496 ἀποδεῖξαιί
350 442 395 496 ως
418 410 455 484 03
480 421 537 506 τῆς
560 416 640 504 ἐμῆς
661 416 787 506 μητρὸς
809 411 958 496 οὗτοςο
926 412 958 502 (3
962 419 974 500 )
1000 414 1122 504 κλῆρός
1145 415 1224 483 ἐστίν

147 524 206 587 τοῦ
230 513 377 608 ἀδελφοῦ
401 513 483 607 αὐτῇ
505 544 563 586 τοο
550 519 801 608 Δημοχάρους
823 518 1084 596 καταλιπόντος·
1111 542 1170 585 εαν
1192 512 1221 585 3

149 617 214 710 άρα
241 623 391 707 τολμῶσι
420 624 498 710 περὶ
530 615 638 688 αὐτῶν
670 622 786 708 λέγειν,
816 620 917 706 νόμον
945 619 1094 687 κελεύετε
1120 619 1224 699 δεῖξαι

150 716 231 790 καθ’
258 722 296 791 ὃν
323 728 494 812 γεγένηται
521 720 545 844 3
571 723 763 811 εἰσποίησις
790 717 1011 810 Ἀριστάρχῳ,
1041 724 1099 788 καὶ
1127 729 1179 799 τίς
1207 718 1223 789 3

148 825 365 912 εἷσποιήσας·
388 828 486 892 τοῦτο
507 824 570 912 γάρ
593 823 723 892 δίκαιόν
746 824 846 892 ἔστιν.
892 816 967 890 333'
995 816 1061 890 οἶδ’
1087 815 1145 890 ὅτι
1170 816 1224 906 οὐχ

148 925 278 1005 ἕξουσιν
300 926 476 1006 ἐπιδεῖξαι.

94 1045 130 1100 15
233 1032 361 1113 Περὶι
362 1029 409 1095 ιὲν
439 1027 495 1095 οὐν
523 1032 581 1095 τοῦ
609 1027 668 1095 τὸν
691 1030 810 1149 κλῆρον
839 1024 925 1094 εἶναι
952 1031 1010 1114 της
1039 1023 1225 1152 μητρρςέξ

148 1124 249 1219 ἀρχῆς
270 1134 325 1197 καὶ
349 1124 407 1197 ἆόί
395 1137 472 1208 ίκως
488 1123 590 1218 αὐτὴν
612 1126 678 1196 ὑπὸ
702 1129 828 1196 τούτων
843 1122 1153 1216 άπεστερῆσθαι,”
1135 1153 1169 1194 εκ
1190 1152 1223 1194 τε

147 1235 213 1299 τῶν
242 1231 423 1321 εἰρημένων
448 1234 504 1298 καὶ
532 1236 833 1320 μεμαρτυρημένων
862 1233 918 1298 καί
947 1228 983 1309 ἐξ
1015 1223 1127 1297 αὐτῶν
1159 1233 1221 1296 τῶν

147 1333 258 1418 νόμων
282 1334 401 1411 ἱκανῶς
428 1330 572 1421 ἡγοῦμαι
595 1327 850 1416 ἀποδεδεῖχθαι.
901 1325 988 1400 οὕτω
1011 1332 1048 1398 33
1070 1333 1128 1398 καὶ
1149 1330 1221 1398 τού-

145 1460 218 1514 τοις
241 1431 386 1525 φανεράν
409 1434 499 1502 ἐστιν
521 1428 575 1503 ὅτι
598 1429 635 1502 03
658 1434 895 1523 προσηκόντως
917 1433 1029 1516 ἔχουσι
1054 1436 1162 1500 ταῦτα
1182 1431 1220 1500 τὰ

143 1537 307 1626 χρήματα,
331 1531 417 1605 ὥστε
439 1532 496 1605 033
519 1535 578 1604 ἐπὶ
599 1541 648 1623 τῷ
671 1538 808 1617 δικαίως
821 1530 1038 1623 Ἀρίσταρχον
1061 1534 1220 1624 εἰσαχθῆ-

147 1665 203 1707 ναι
225 1639 273 1718 εἰς
294 1637 372 1717 τοὺς
402 1638 571 1727 φράτερας
599 1637 658 1707 τὸν
687 1637 784 1724 λόχον
806 1641 985 1706 ποιοῦνται
1012 1636 1117 1722 μόνον
1141 1631 1219 1704 3333

145 1744 200 1808 καὶ
224 1742 316 1830 δίκην
339 1743 444 1830 φασὶν
466 1737 551 1830 ὑπὲρ
573 1740 699 1808 τούτων
721 1744 788 1807 τῶν
807 1739 984 1828 χρημάτων
1010 1737 1070 1806 τὸν
1092 1744 1219 1827 πατέρα

146 1840 204 1909 τὸν
226 1841 352 1910 ἑαυτῶν
375 1841 582 1924 ἐκτετικέναι,
613 1842 678 1925 ἵνα,
708 1832 748 1910 άν
770 1840 814 1930 μὴ
836 1834 911 1908 κατ’
938 1839 1062 1908 ἐκεῖνον
1086 1841 1219 1919 δικαίως

147 1944 336 2012 δοκωσιν”
319 1969 412 2028 εχειν,
442 1943 526 2011 κατά
554 1968 590 2030 γε
618 1948 723 2011 ταῦτα
752 1943 887 2021 εἰκότως
908 1945 1079 2030 προσῆκον
1109 1937 1218 2021 αὐτοῖς

94 2060 130 2115 10
148 2051 319 2136 φαίνηται.
364 2040 495 2132 3333,
520 2073 545 2112 ω
570 2039 739 2132 άνδρες,”
720 2072 773 2113 οτι
789 2038 846 2113 οὐκ
855 2038 975 2168 άληθη
996 2046 1141 2130 λέγουσι,
1162 2069 1217 2130 με·

143 2145 298 2236 χάίοιςς
281 2152 367 2234 ομᾶς
389 2153 579 2236 τεκμηρίοις
601 2147 735 2226 διδάξω.
774 2147 804 2215 εἰ
825 2145 889 2235 γὰρ
910 2133 959 2234 30,
983 2142 1029 2268 ὡς
1051 2140 1148 2214 οὗτοι
1168 2148 1217 2212 λέ-

143 2273 267 2336 χοοσιν,
289 2245 478 2337 ὑπέρχρεως
501 2242 630 2328 οὗτοςο
619 2245 776 2376 ζκλῆρος,
801 2242 871 2316 οὔτ
892 2238 933 2315 30
951 2246 1027 2368 3333
1015 2272 1106 2331 ματα
1129 2242 1217 2315 οὗτοι

143 2346 228 2438 ὑπὲρ
259 2343 367 2418 αάτων
396 2349 600 2430 ἐξέτινον-
625 2351 663 2420 03
692 2351 755 2440 γὰρ
783 2354 953 2473 προσηκον
982 2343 1111 2470 αὐτοῖς,
1143 2341 1214 2417 333

71 2516 73 2523 .
145 2451 196 2575 339
218 2449 393 2541 ἐγένετοἰ
374 2479 393 2540 η
419 2451 478 2541 ἐμὴ
503 2453 609 2543 μήτηρ
632 2451 676 2520 ἐπ
679 2453 798 2575 ὄίικρς,
819 2452 958 2570 τούτοις
981 2445 1160 2538 ἀναγκαῖον
1180 2437 1216 2539 ἦν

143 2550 229 2640 ὑπὲρ
245 2548 354 2622 αὐτῶν
373 2555 698 2682 βοολεάσασθαιη
723 2550 799 2621 οὔτε
814 2543 855 2622 άν
869 2553 1108 2622 εἰσεποίοον’
1078 2579 1127 2632 εις
1143 2555 1215 2622 τοῦ·

143 2682 201 2724 τον
222 2656 281 2725 τὸν
301 2659 422 2745 κλῆρον
450 2656 524 2725 υἱὸν
544 2650 764 2746 Ἀριστάρχῳ,
793 2657 968 2740 μέλλοντες
997 2650 1215 2746 ὥφεληθήσε·

91 2774 123 2829 17
145 2763 231 2825 σθαι
257 2760 317 2844 μὲν
346 2759 463 2848 μηδέν,
499 2759 780 2848 ζημιωθήσεσθαι
813 2758 849 2825 33
875 2757 1013 2844 μεγάλα.
1063 2748 1085 2846 3
1113 2758 1215 2879 ἕτεροι

142 2852 256 2943 3333‘
244 2854 325 2926 όταν
346 2864 424 2986 περὶ
446 2860 599 2948 χρήματα
628 2861 827 2986 3003030300,
850 2859 928 2938 τοὺς
951 2864 1134 2988 σηιετέρρυς
1161 2854 1214 2928 03·

141 2963 208 3028 των
229 2960 410 3037 παῖδας’
381 2985 428 3038 εις
450 2960 631 3048 ἑτέρως’
602 2961 712 3040 οίκους
728 2960 946 3044 εἰσποιοῦσιν,
970 2962 1026 3030 ἵνα
1047 2961 1093 3052 μὴ
1116 2961 1213 3048 μετά·
1259 2994 1261 3002 ·

142 3085 247 3146 σχωσι
274 3065 333 3149 τῆς
361 3061 573 3148 τοῦπατρὸς
596 3057 747 3148 άτιμίας·
778 3058 871 3132 οὗτοι
893 3059 977 3131 33''
955 3088 1021 3152 αρα
1043 3063 1093 3143 εἷς
1114 3060 1213 3149 ὑπέρ·

138 3188 243 3251 χρεων
259 3157 376 3231 οὐσίαν
390 3166 446 3231 καὶ
461 3163 597 3245 οἴκοθεν
612 3165 803 3234 είσεποίονν
820 3170 909 3256 σφᾶς
932 3159 1060 3248 αὐτούς,
1083 3167 1141 3234 ἵνα
1161 3167 1211 3234 καὶ

140 3263 182 3332 τὰ
209 3261 402 3354 ὑπάρχοντα
431 3269 743 3354 προσαπολέσειανς
772 3261 830 3335 οὐκ
852 3266 925 3335 ἔστι
945 3272 1065 3351 ταῦτα,
1096 3262 1171 3335 333³
1195 3262 1211 3334 3

139 3367 200 3453 μὲν
229 3371 348 3456 κλῆρος
378 3366 555 3456 ἐλεύθερος
584 3356 624 3458 ἦν
651 3372 707 3437 καὶ
734 3373 793 3458 τῆς
822 3366 901 3458 ἐμῆς
929 3368 1055 3459 μητρὸς
1078 3369 1211 3458 ἐγένετο,

226 3510 241 3560 3
259 3499 274 3557 3
292 3504 349 3558 add.
363 3505 475 3573 Sauppe.
525 3507 569 3562 15.
587 3510 602 3561 9
622 3505 719 3560 ἑαυτοῦ
731 3522 777 3573 ρο,
790 3509 878 3559 eorm
897 3535 931 3546 —
950 3506 996 3560 ἵνα
1012 3504 1048 3562 ἂν
1065 3506 1104 3576 μὴ
1116 3526 1179 3564 corr.
1191 3515 1210 3573 1,

140 3584 174 3642 ἂν
192 3605 242 3643 om.
260 3605 298 3658 pr.
322 3618 356 3628 —
380 3591 466 3641 ἐκεῖνο
483 3587 545 3644 Rsk.
567 3620 601 3630 -
627 3595 657 3643 10
676 3592 814 3660 προσῆκον
831 3606 878 3657 pr„
896 3590 1044 3662 προσήκων
1061 3609 1126 3649 corr.
1147 3599 1162 3649 2
1180 3624 1211 3634 -

142 3678 170 3726 11
191 3677 323 3742 φαίν.ται
341 3690 387 3741 ρο,
405 3690 469 3728 corr.
488 3678 511 3728 2.
579 3675 623 3731 13.
643 3678 658 3728 3
675 3671 828 3747 ὑπέρχρεως
844 3693 891 3743 pn,
907 3669 1048 3748 άπάχροαιε
1064 3695 1129 3734 corr
1147 3683 1210 3733 2—

139 3757 298 3814 δαίονται..
312 3773 359 3826 ρο,
377 3759 509 3813 εἰσποιεῖν
527 3775 590 3814 corr.
611 3763 639 3812 l:
658 3774 706 3814 em
718 3760 776 3813 Ald
845 3755 1211 3833 11.ιὸτωμιορι.,ρο

139 3847 308 3896 αοεοΜ-
274 3861 450 3914 χρηματα
459 3845 563 3908 εκΑίσι
573 3843 658 3910 Nbr)
675 3863 821 3914 χρηματων
831 3847 955 3912 vulgo
968 3846 1155 3903 3ιισποιωσιν
1167 3865 1210 3917 pr

138 3922 1210 4002 com-235021033300031333330300011.2-503mSchb·malim

137 4011 197 4077 (del
207 4026 272 4065 voce
280 4014 369 4078 κομι
379 4008 439 4066 στα
447 4008 587 4066 οιιωθιν
570 4032 773 4084 οπαοχοντα
785 4012 1043 4086 6προσαιτοίίσταν
1052 4034 1100 4086 pr
1112 4035 1176 4073 corr
1186 4022 1208 4071 1
