2626 4476
153 221 213 285 106
634 222 743 277 mmor
1163 243 1198 284 01.
1210 244 1228 286 ρ,

149 396 279 483 κλείδην
301 394 363 484 γὰρ
386 390 528 482 άρχοντα
549 392 738 479 γεγόναμεν.
790 378 855 479 ἆρα
876 394 955 480 περὶ
977 397 1104 479 μικρῶν
1127 420 1225 465 τινων

97 510 136 567 44
149 495 228 585 ἡμῖν
243 495 301 564 τδν
317 490 428 583 ἀγῶνα
442 495 676 578 κατεσκεύακε,
697 496 754 560 καὶ
777 493 898 574 ζῶντος
918 493 979 577 μὲν
995 498 1056 561 τού
1078 494 1225 565 πάππου

147 603 201 667 καί
232 603 290 667 τοῦ
317 596 447 686 πατρὸς
474 591 632 682 οὐδεμίαν
662 595 774 663 αἰτίαν
802 595 942 680 εἰχομεν,
972 589 1049 662 ἀλλ’
1076 590 1225 687 ἀναμφι-

147 701 307 789 σβήτητοι
320 698 379 767 τὸν
396 693 530 767 ἅπαντα
541 697 661 785 χρόνον
676 698 924 782 διετελέσαμεν·
948 696 1065 786 ἐπειδὴ
1089 699 1128 767 δέ
1144 699 1225 768 έκεῖ-

146 828 199 870 νοι
230 801 495 891 τετελευτήκασι,
529 791 589 867 κάν
622 803 679 866 νῦν
708 798 902 887 νικήσωμεν,
939 795 1071 879 ὄνειδος
1099 800 1223 887 ἕξομεν,

147 905 234 972 διότι
255 897 572 992 ήμφεσβητήθημεν,
596 899 653 969 διὰ
668 899 727 968 τὸν
738 893 896 990 Ὀρέστην
911 905 1028 968 τοῦτον
1043 901 1103 969 τδν
1119 908 1223 983 κακῶς

90 1073 94 1078 .
146 1001 386 1091 ἀπολούμενον,
416 1005 454 1084 ὃς
481 1003 598 1089 μοιχὸς
621 1005 766 1092 ληφθεὶς
789 1006 846 1070 καὶ
867 1001 995 1070 παθών
1018 995 1037 1070 ὅ
1060 1029 1095 1071 τι
1117 1029 1222 1093 προσ-

144 1110 216 1196 ήκει
244 1107 322 1185 τούς
351 1106 393 1173 τὰ
422 1111 563 1174 τοιαῦτα
591 1109 775 1183 ποιοῦντας
803 1097 876 1172 ούδ’
902 1104 948 1184 ὣς
971 1097 1222 1176 ἀπαλλάττεται

142 1214 204 1277 τοῦ
218 1210 429 1295 πράγματος,
453 1205 499 1287 ὡς
522 1210 555 1275 οἰ
570 1207 757 1285 συνειδότες
771 1210 1070 1293 καταμαρτυροῦσι.
1105 1212 1221 1276 τοῦτον

143 1313 204 1396 μέν
227 1298 294 1392 σύν,
318 1309 389 1388 οἰός
411 1308 493 1387 ἐστι,
515 1312 572 1376 καὶ
595 1313 651 1378 νύν
674 1302 809 1376 άκούετε
831 1311 888 1375 καὶ
910 1294 1014 1387 αύθις
1031 1302 1221 1396 άκριβέστε

145 1438 203 1499 ρον
224 1408 405 1493 πεύσεσθε,
429 1406 509 1479 ὅταν
532 1405 604 1478 κατ’
625 1405 727 1479 αὐτού
740 1410 800 1498 τήν
823 1411 915 1499 δίκην
929 1406 1026 1497 ήμεῖς
1048 1411 1220 1498 εἰσίωμεν·

92 1511 236 1599 διδύμων
259 1508 292 1581 δ’
319 1513 381 1601 ἐγώ
412 1513 531 1598 δέομαι
558 1517 615 1580 καὶ
638 1514 785 1594 ἱκετεύω,
813 1512 858 1600 μή
882 1538 925 1596 με
945 1514 1122 1603 περιίδητε
1143 1518 1219 1603 περὶ

98 1684 101 1689 ,
141 1617 269 1684 τούτων
291 1613 496 1705 ὑβρισθέντα
511 1619 577 1682 των
596 1616 775 1705 χρημάτων
790 1608 869 1682 αἰνδ
887 1613 1034 1694 πάππος
1051 1619 1218 1699 κατέλιπε,

142 1711 221 1807 μηδ’
254 1710 544 1808 ἆποστερηθέντα,
574 1711 659 1783 άλλὰ
686 1715 882 1805 βοηθήσατε
907 1710 991 1782 καθ’
1018 1710 1100 1785 ὅσον
1129 1715 1218 1804 ύμοίν

143 1819 278 1898 ἕκαστος
300 1819 452 1907 τυγχάνει
475 1819 664 1903 δυνάμενος.
714 1817 803 1900 ’έχετε
825 1817 861 1884 δὲ
882 1825 1016 1897 πίστεις
1047 1819 1218 1900 ίκανάςίκ

140 1926 340 2008 μαρτυριῶν,
364 1921 399 1989 ἰκ
411 1921 578 2008 βασάνων,
602 1915 639 1999 ἐξ
653 1913 843 1986 αὐτῶντῶν
858 1920 978 2004 νόμων,
1002 1915 1056 1988 ὅτι
1069 1915 1103 1987 τ)
1122 1921 1217 2007 ἐσμὲν

139 2020 201 2110 (ἐκ)
228 2022 398 2111 θυγατρὸς
424 2029 562 2111 γνησίοις
589 2028 755 2109 Κίρωνος,
785 2025 841 2090 καί
869 2015 921 2090 ὅτι
950 2023 1116 2112 προσήκει
1141 2021 1216 2112 ἡμῖν

139 2127 266 2207 μᾶλλον
287 2116 309 2244 ή
330 2126 462 2202 τούτοις
483 2126 699 2212 κληρονομεῖν
720 2127 787 2192 ταῖν
810 2123 934 2192 ἐκείνου
954 2126 1143 2213 χρημάτων,
1167 2124 1214 2193 ἰκ-

88 2240 128 2296 46
140 2224 251 2311 μόνοις
272 2248 348 2292 ουσι
369 2231 428 2293 τού
449 2226 607 2293 πάππου.
651 2232 857 2315 μνησθέντες
872 2213 930 2294 σύν
950 2229 1008 2295 καὶ
1028 2231 1097 2295 τῶν
1112 2221 1214 2316 ὅρκων

140 2325 197 2403 οὓς
218 2321 402 2410 ὀρούσαντες
425 2325 580 2410 δικάζετε,
602 2331 740 2395 καὶτῶν
763 2328 869 2415 λόγων
885 2326 942 2405 οὓς
958 2327 1145 2416 εἰρήκαμεν,
1161 2331 1213 2396 καὶ

137 2431 203 2495 τιῦν
227 2428 347 2513 νόμων,
368 2423 390 2516 ᾗ
413 2430 541 2497 δίκαιόν
564 2429 645 2511 ἐστι,
668 2429 770 2517 ταύτῃ
793 2429 852 2517 τήν
874 2433 993 2518 ψῆφον
1015 2435 1173 2497 τίθεσθε.

228 2526 296 2599 Ούκ
317 2525 384 2599 οἶδ’
404 2524 424 2598 ὅ
445 2558 479 2599 τι
502 2532 552 2599 δεῖ
568 2534 677 2598 πλείω
700 2533 822 2618 λέγειν·
846 2528 942 2616 οἶμαι
963 2530 1027 2618 γὰρ
1049 2528 1138 2617 ὑμᾶς
1159 2525 1211 2600 ού·

138 2631 192 2700 δέν
215 2627 345 2720 άμνοεῑν
366 2637 433 2699 τῶν
456 2632 647 2720 εἰρημένων.
687 2634 788 2717 Λαβὲ
811 2626 845 2700 δ>
872 2627 985 2712 αὐτοῖς
1006 2630 1067 2720 τήν
1089 2659 1210 2720 μαρτυ·

137 2739 213 2816 ρίαν
235 2733 294 2822 τήν
316 2735 446 2821 λοιπήν,
470 2731 517 2811 εἰς
540 2733 673 2823 ἐλήφθη
695 2735 821 2818 μοιχός,
844 2738 901 2802 καὶ
924 2729 1109 2821 ἀνάγνωθι.
1161 2794 1163 2798 .

567 2840 783 2892 MAPTYPIA.

220 3005 266 3060 44.
285 3008 301 3058 4
319 3001 466 3072 νικήσομεν
482 3021 529 3073 ρο,
552 3021 616 3059 corr.
635 3008 650 3057 2
673 3035 706 3044 -
729 3009 744 3058 ’ί
762 3001 968 3060 &namma
985 3023 1033 3074 ρο,
1056 3023 1121 3062 corr.
1142 3010 1154 3060 1
1177 3031 1207 3045 -

138 3096 169 3146 10
187 3089 343 3144 πεύσεσθαι
354 3105 402 3157 ρο,
419 3104 483 3142 corr.
495 3091 520 3142 1.
571 3088 617 3146 45.
637 3093 651 3143 3
669 3087 836 3158 βοηθ.ὀατε
848 3109 895 3160 ρο,
913 3096 1002 3145 consi
1023 3119 1057 3130 —
1075 3097 1091 3146 6
1110 3092 1139 3144 ἐκ
1153 3088 1206 3144 εδδ.

134 3175 194 3229 Dbr.
214 3204 245 3213 -
270 3179 294 3228 7,
313 3177 329 3228 8
347 3171 469 3245 δρόμοις
486 3189 533 3239 ρο,
556 3176 616 3244 yin
634 3190 683 3226 ras.
702 3191 767 3228 εοοο.
787 3180 798 3229 1
823 3205 859 3214 -
880 3179 896 3230 8
913 3165 975 3229 ούσι
996 3177 1022 3228 iu
1047 3191 1100 3244 mg.
1118 3179 1143 3229 1.

133 3259 179 3314 46.
198 3263 213 3313 3
231 3258 369 3311 τίθεσθαι
386 3275 433 3326 ρο,
451 3277 464 3309 ι
481 3275 558 3326 supra
576 3279 605 3311 αι
623 3259 680 3313 εδδ.
701 3264 713 3312 1
733 3289 767 3300 -
785 3264 800 3313 ’ί
818 3262 858 3313 tit„
875 3260 933 3313 εδδ.
951 3260 1012 3314 Rsk.
