2626 4476
159 221 220 283 132
647 222 755 276 ΙΣΛΙΟΥ
1151 239 1187 280 οι.
1203 239 1235 281 ιι.

836 377 1049 410 >2³¹5=
1187 385 1198 411 t

157 396 272 460 τούσιν
301 392 349 470 εἷς
377 397 512 459 τίθεται
540 391 713 472 καδίσκος,
743 385 781 457 ού
810 416 867 460 ουκ
890 417 930 456 αν
953 416 993 478 ην
1014 416 1073 509 τρν
1095 391 1156 474 μὲν
1178 416 1238 480 ητ-

1102 487 1112 513 t
1165 485 1177 512 2
1207 490 1216 512 ἱ

158 498 289 562 τᾶσδαι
311 493 370 562 τὸν
387 493 422 560 δὲ
445 497 547 575 νικᾶν,
572 487 646 560 ἀλλ’
665 489 792 577 ὁμοίως
807 486 1012 581 ἀμφοτέροις
1033 518 1072 579 ην
1095 517 1112 559 ο
1138 516 1239 570 αυτος

160 597 319 676 κίνδυνος,
342 588 424 661 ὥστ’
445 588 502 661 ούκ
525 594 600 682 ἐνήν
621 601 798 662 κοινωνίαν
820 588 897 661 ούδὲ
919 594 1136 680 διομολογίαν
1158 619 1239 661 ποι·

108 697 316 786 κτήσασθαι
344 699 422 780 περὶ
459 692 577 764 αύτιῦν.
635 690 708 763 ἀλλ’
742 691 853 777 οὗτος,
885 694 1002 782 ἐπειδή
1030 696 1240 783 Στρατοκλῆς

161 798 353 888 ἐτελεύτησε
375 800 456 884 πρὶν
477 803 638 884 γενέσθαι
652 801 712 864 τοῦ
732 793 928 886 ἡμικληρίου
943 795 1004 875 τὰς
1020 795 1130 883 λήξεις
1143 792 1239 884 ήμῶν
1264 833 1278 842 -

161 900 305 988 ἑκατέρην
312 953 321 982 ,
349 902 405 965 καὶ
434 892 542 965 σύκίτ’
568 886 607 987 ἦν
629 905 791 983 μετουσία
819 902 867 984 τηί
889 899 1090 986 Στρατοκλεῖ
1111 897 1239 964 τούτων

160 997 239 1070 ούδέ
260 1006 308 1088 τῷ
330 999 431 1067 παιδὶ
453 1000 540 1087 τῷδε
562 999 618 1066 διά
641 998 700 1066 τόν
719 1000 830 1084 νόμον,
855 993 929 1065 ἀλλ’
949 998 1093 1085 ἐγίγνετο
1118 999 1167 1078 εἷς
1183 998 1239 1084 ἐμὲ

161 1100 180 1170 ί
205 1105 407 1192 κληρονομία
429 1094 500 1167 κατ’
527 1095 717 1188 ἀγχιστείαν
739 1101 886 1182 πάντων,
916 1101 946 1167 εί
968 1100 1141 1187 νικήσαιμί
1162 1098 1240 1178 τούς

162 1205 307 1287 ἐχοντας,
330 1197 403 1269 τότ’
428 1197 491 1290 ήδη
514 1202 656 1269 πλάττει
678 1205 783 1268 ταύτα
798 1206 855 1269 καί
870 1206 1066 1291 μηχανᾶται,
1089 1202 1238 1290 προσδο-

161 1309 228 1372 κῶν
249 1305 382 1381 τούτοις
410 1317 483 1381 τοῖς
511 1303 623 1390 λόγοις
645 1303 770 1391 ῥᾳδίως
791 1299 877 1388 ὑμᾶς
906 1303 1141 1390 ἐξαπατήσειν.
1187 1295 1239 1370 ότι

163 1402 195 1472 δ’
215 1400 272 1489 ούχ
289 1405 361 1473 οἶόν
375 1398 407 1470 τ’
430 1392 469 1493 ήν
490 1405 619 1472 τούτων
638 1410 815 1492 γίγνεσθαι
839 1403 943 1482 οὐδέν,
968 1399 1052 1471 ἀλλὰ
1076 1405 1239 1494 διείρηται

163 1503 246 1574 καθ’
273 1507 410 1575 ἕκαστον
438 1511 518 1594 περὶ
547 1500 665 1589 αὐτῶν,
696 1506 730 1574 ἐκ
751 1511 811 1573 τού
834 1507 936 1592 νόμου
966 1510 1090 1593 γνῶναι
1113 1506 1237 1596 ῥηίδιον.

163 1611 263 1695 Λαβέ
287 1603 319 1675 δ’
346 1604 537 1687 αὐτοῖςκαὶ
562 1603 793 1695 ἀναγίγνωσκε.

629 1714 791 1788 ιιοιιιοΣ.Ι

112 1829 151 1886 23
251 1798 322 1898 Ἆρ’
348 1808 425 1894 ὑμῖν
454 1806 471 1877 δ
502 1811 603 1895 νόμος
627 1812 716 1879 δοκεῖ
737 1825 848 1878 ποιεῖν
877 1809 1030 1889 ἐξουσίαν
1055 1818 1237 1891 κοινωνίας,

167 1906 241 1978 ἀλλ’
261 1908 318 1978 ούκ
342 1906 493 1999 ἀντικρυς
516 1908 638 1979 ούτωσλ
656 1918 724 1980 πᾶν
738 1907 940 1993 τούναντίον,
964 1912 993 1979 εί
1015 1916 1071 1980 καί
1093 1913 1132 1981 τὸ
1156 1913 1238 1999 πρό-

164 2039 260 2101 τερον
288 2010 415 2100 ύπήρχε
441 2019 613 2095 κοινιονία,
643 2014 862 2102 προστάττει,
893 2014 1072 2102 διαρρήδην
1101 2014 1238 2082 κελεύων

165 2118 223 2182 τοῦ
245 2119 365 2201 μέρους
388 2113 525 2182 ἕκαστον
548 2115 720 2200 λαγχάνειν
735 2118 791 2182 καὶ
813 2129 885 2192 τοῖς
907 2114 990 2194 κατά
1008 2109 1110 2182 ταύτδ
1134 2110 1238 2205 ἀμφι-

166 2219 327 2304 σβητοῦσι
346 2217 459 2293 τιθεὶς
482 2214 539 2282 ἕνα
560 2216 717 2283 καδίσκον
739 2215 870 2294 καὶτὰς
893 2215 1108 2295 ἐπιδικασίας
1124 2221 1238 2284 τοῦτον

165 2317 224 2384 τὸν
246 2317 373 2404 τρόπον
395 2320 522 2400 ποιῶν,·
544 2312 561 2384 ὃ
587 2317 632 2399 δέ,
656 2323 760 2385 ταῦτα
781 2322 847 2384 των
869 2317 981 2402 νόμων
1004 2316 1166 2404 λεγόντων
1188 2319 1239 2384 καὶ

167 2412 226 2484 ούκ
248 2417 383 2507 ἐνούσης
404 2423 565 2505 γενέσθαι
581 2419 805 2505 διομολογίας,
829 2413 934 2498 ούτως
952 2412 1081 2505 ἀλόγως
1102 2422 1239 2506 πρᾶγμα

115 2534 154 2591 24
164 2522 359 2609 τηλικούτου
391 2520 589 2606 ψεύσασθαι
617 2520 825 2609 τετόλμηκεν.
880 2516 918 2587 ού
947 2519 1050 2605 μόνον
1080 2520 1117 2586 δὲ
1145 2524 1239 2587 τούτο

114 2652 120 2659 ’
167 2629 368 2711 πεποίηκεν,
398 2617 482 2689 ἀλλὰ
512 2626 568 2689 καὶ
595 2620 634 2691 τδ
662 2622 799 2690 πάντων
832 2620 1072 2691 ἐναντιώτατον
1104 2629 1240 2713 πρᾶγμα

162 2725 304 2812 εἴρηκεν,
328 2717 355 2809 ρῖ
378 2728 558 2810 προσέχετε
571 2722 631 2790 τὸν
654 2727 739 2805 νούν,
763 2710 788 2788 ιύ
805 2719 932 2811 ἀνδρες.
970 2728 1054 2815 φησί
1075 2725 1139 2812 γὰρ
1161 2726 1240 2812 ὁμο·

168 2828 309 2912 λογήσαί
336 2849 378 2908 με
405 2828 465 2890 τού
494 2823 614 2911 κλήρου
642 2828 691 2910 τηῖ
718 2825 818 2892 παιδί
850 2824 888 2891 τὸ
917 2821 1114 2913 ήμικλήριον
1142 2854 1240 2913 μετα·

169 2924 298 3004 δώσειν,
330 2924 359 2990 εἰ
384 2924 555 3012 νικήσαιμι
583 2924 661 3003 τούς
684 2925 818 3008 ἔχοντας
840 2920 950 2993 αύτόν.
999 2933 1110 2996 καίτοι
1132 2930 1163 2997 εἰ
1185 2934 1240 3014 μίν

167 3053 201 3093 τι
223 3028 278 3094 καί
296 3019 385 3112 αύτῴ
406 3029 508 3112 μετῆν
530 3024 667 3093 κατὰτὸ
691 3032 793 3114 γένος,
816 3023 862 3106 ὥς
881 3023 978 3106 οὗτος
1001 3030 1097 3115 λέγει,
1120 3037 1155 3101 τί
1177 3031 1240 3098 ἐδει

168 3133 328 3214 γενέσθαι
350 3127 472 3216 ταύτην
489 3121 601 3206 αύτοῑς
623 3124 708 3216 παρ’
728 3128 808 3214 ἐμοῦ
828 3128 888 3216 τήν
904 3126 1103 3217 δμολογίαν;
1124 3119 1165 3220 ἦν
1181 3130 1252 3219 γὰρ

168 3224 296 3313 ὁμοίως
317 3231 373 3296 καί
395 3228 527 3308 τούτοις
550 3228 700 3298 ἐπίδικον
722 3231 760 3298 τό
776 3227 981 3318 ήμικλήριον,
1004 3233 1038 3299 εί
1050 3259 1116 3321 περ
1131 3228 1241 3323 ἀληθῆ

117 3347 154 3404 25
171 3332 330 3417 λέγουσιν.
375 3331 405 3398 εί
428 3330 529 3418 δὲμὴ
560 3337 727 3421 προσῆκεν
750 3327 863 3409 αύτοῐς
885 3337 943 3421 τῆς
971 3327 1160 3420 ἀγχιστείας
1181 3361 1241 3424 μη·

255 3571 278 3620 8.
292 3571 307 3620 9
325 3565 437 3633 τὸνμὲν
451 3566 457 3636 Ι
472 3566 612 3631 νικᾶσθαι,
630 3563 680 3618 τὸν
693 3563 724 3618 δὲ
734 3562 832 3634 ήττᾶνι
851 3585 900 3621 em.
914 3569 1073 3622 Valckenaer
1091 3599 1125 3610 -
1144 3575 1176 3624 10
1188 3565 1242 3635 ούήκ

171 3651 236 3716 ἐνῆν
253 3667 318 3704 corr.
337 3655 361 3716 2,
378 3647 435 3721 ούΙκ
453 3649 540 3717 ο.νήν
557 3668 594 3718 pr.
613 3681 647 3692 -
665 3648 728 3704 σύδέ
745 3653 815 3705 Ald.:
834 3649 897 3706 οὔτε
975 3653 1021 3708 22
1040 3659 1053 3708 7
1073 3654 1240 3721 ἐξαπατήσω

170 3804 217 3854 ρο,
234 3755 394 3848 -ήσύάνοοεα
413 3791 426 3840 1
450 3788 491 3852 (ci.
509 3788 605 3854 Baiter)
623 3819 656 3827 -
675 3791 689 3841 8
708 3785 833 3860 διήρηται
850 3805 897 3856 ρο,
915 3785 1043 3863 διήρηται
1060 3806 1124 3845 corr.
1143 3794 1173 3844 2:
1196 3805 1241 3842 em.

170 3871 233 3924 Rsk.
278 3870 323 3927 28.
344 3876 355 3926 1
377 3878 436 3939 post
449 3875 539 3925 ποιεῖν
550 3889 615 3926 eras.
627 3870 679 3938 τήν
690 3903 725 3914 -
737 3876 752 3926 3
765 3870 932 3942 προστάττει
944 3891 1006 3927 corr.
1020 3879 1044 3939 λ,
1056 3873 1125 3944 πρὸς
1136 3873 1243 3938 ταίην

170 3972 217 4023 ρο,
235 3954 303 4027 πρὸς
314 3961 397 4011 raeti
411 3962 498 4036 corr3l
519 3988 552 3999 ·-
570 3963 587 4013 4
604 3956 673 4012 κατὰ
691 3953 775 4013 ταύτδ
793 3972 857 4013 corr.
871 3963 895 4026 2,
914 3954 979 4013 κατ’
999 3956 1066 4014 αὐτὸ
1085 3977 1124 4030 pr.
