2626 4476
139 242 181 299 52
629 243 736 299 ΙΣλΙΟΥ
1153 263 1193 304 οι.
1207 264 1225 304 ι.

140 412 363 501 στρατεύματι
385 412 500 502 ἐχρῆτο
516 413 786 502 Νικοστράτηι,’Ι
769 440 819 481 ετι
835 414 872 481 δὲ
886 413 991 481 καί
956 441 1016 504 την
1030 421 1196 482 κοινωνία
1174 442 1223 492 α,ν

140 542 160 602 η
147 508 327 599 μάλισθ’
355 507 451 592 οὗτος
474 513 683 602 ἰσχυρίζεται,
707 516 817 603 ψευδῆ
839 503 950 584 οὖσαν..

89 623 124 678 2⁷
226 611 339 682 Ka6'
318 642 394 684 ανευ
416 616 553 698 τούτων,
577 643 603 683 ω
588 605 745 704 άνδρες,
770 613 896 695 ἄξιον(
878 630 956 701 υμῖν
972 616 1130 695 ἐξετάσαι
1144 616 1223 684 ἑκα-

141 723 256 805 τέρους
280 712 388 786 αὐτων
411 718 464 786 οίο
466 726 479 786 ί
502 719 578 788 εἰσι.
617 719 823 806 Θράσιππος
843 720 905 804 μὲν
926 717 988 805 γάρ
1012 714 1030 784 6
1053 711 1222 804 Ἅγνωνος

141 823 198 886 καὶ
216 816 400 907 Ἁγνοθέου
424 821 536 910 πατήρ
564 817 627 910 ήδη
650 847 684 887 τι
705 823 761 888 καὶ
792 815 1078 909 ἐλειτούργησαν(
1060 834 1143 903 υμῖν
1166 825 1223 887 καλ

143 921 317 1010 εἰσήνεγκε,
338 926 394 990 καί
411 919 521 1001 άλλως
543 909 771 1001 σπουδαῖος
750 948 791 1010 ην
806 924 962 1045 πολίτης·
987 915 1084 1040 αήτολ
1108 916 1206 988 δὲ
1166 949 1223 989 ου-

141 1052 196 1093 τοι
223 1021 301 1093 οὔτε
331 1019 625 1115 άποδεδημήκασιν
655 1019 785 1112 οὐδαμῇ
814 1024 971 1105 πώποτε,
1003 1017 1071 1111 ὅπη
1104 1014 1147 1090 66
1177 1023 1223 1142 μή

141 1124 236 1211 ὑμεῖς
258 1126 533 1216 προστάξητε,’
502 1123 560 1194 οάτ
564 1121 718 1194 ’ἐνθάδε
738 1123 930 1211 μένοντες”
909 1133 1068 1216 αχρηστοί
1088 1126 1160 1193 εἰσι
1182 1130 1223 1213 τῇ

143 1229 257 1306 πόλει,
287 1224 373 1296 άλλά
394 1234 451 1297 καὶ
474 1229 712 1317 στρατεύονται
740 1233 796 1296 καλ
819 1231 1013 1319 εἰσφέρουσι
1034 1231 1091 1295 καὶ
1113 1215 1222 1295 τάλλα

143 1331 256 1399 πάντα
277 1336 417 1400 ποιοῦσι
437 1331 480 1399 τά
503 1331 780 1418 προσταττόμενα
801 1335 856 1398 καλ
881 1327 1009 1412 αὖτοάς,
1032 1327 1079 1408 ὥς
1094 1330 1222 1406 πάντες

91 1437 129 1493 28
143 1434 255 1516 ἰ’σασι,
278 1440 436 1518 κοσμίους
466 1439 678 1521 παρέχουσιν,
708 1425 795 1502 ὥστε
818 1431 904 1498 πολὺ
927 1433 1056 1517 μᾶλλον
1081 1431 1221 1510 τούτους

142 1535 304 1625 προσήκει
325 1536 409 1603 κατὰ
439 1536 534 1605 δόσιν
562 1540 629 1603 τῶν
648 1535 826 1624 χρημάτων
853 1539 921 1601 τῶν
944 1536 1179 1624 Νικοστράτου
1201 1530 1221 1628 6

142 1639 319 1728 Χαριάδην
342 1634 577 1728 ἀμφισβητεῖν.
615 1633 713 1714 οὗτος
733 1637 806 1725 γάρ,
829 1630 880 1704 ὅτ’
900 1637 1060 1726 ἐπεδήμει
1083 1639 1218 1723 ἐνθάδε,

142 1744 277 1828 πρῶτον
298 1741 358 1824 μὲν
374 1741 422 1818 είς
443 1738 481 1807 τὸ
506 1739 733 1827 δεσμωτήριον
748 1734 794 1816 ιδς
815 1741 959 1827 κλέπτης
980 1730 1026 1807 ὢν
1042 1735 1099 1807 ἐπ’
1121 1737 1219 1810 αὐτο-

145 1842 249 1932 φώρῳ
272 1836 422 1931 ἀπήχθη,
444 1843 521 1909 τότε
544 1843 580 1907 δὲ
603 1835 748 1930 άφεδελς
769 1835 858 1925 ’μεθ’
884 1840 1005 1927 ἑτέρων
1026 1847 1129 1911 τινοῖν
1152 1840 1218 1911 ὑπὸ

143 1949 209 2012 τῶν
226 1945 355 2026 ἕνδεκα,
380 1944 437 2023 οὓς
452 1946 598 2033 δημοσία
613 1938 766 2021 ἅπαντας
788 1940 883 2027 ὑμεῖς
902 1938 1131 2031 άπεκτείνατε,
1153 1946 1221 2013 πά-

117 2049 196 2116 ’λιν
229 2042 441 2136 άπογραφεὶς
473 2046 521 2124 εἷς
553 2045 613 2134 τήν
645 2045 768 2133 βουλήν
800 2050 998 2138 κακουργῶν,
1034 2043 1219 2137 ὖποχωριῐν

145 2251 228 2319 ἐτῶν
242 2245 407 2338 Ἀθήναζε
422 2245 480 2318 οὒκ
495 2245 643 2339 άφίκετο,
666 2250 755 2338 πλήν
773 2249 890 2339 ἐπειδὴ
906 2250 1138 2338 Νικόστρατος
1154 2248 1221 2321 άπ-

145 2358 258 2419 έθανε.
291 2356 348 2419 καὶ
361 2349 446 2442 ὑπὲρ
461 2353 522 2437 μὲν
536 2349 629 2436 ὑμῶν
645 2348 720 2419 οὔτε
736 2359 912 2440 στρατείαν
928 2347 1086 2436 οὐδεμίαν
1102 2353 1221 2442 ἐστρά-

145 2478 259 2521 τευται
282 2449 357 2520 σι’ίτε
379 2453 543 2542 εἰσφοράν
559 2447 716 2537 οὐδεμίαν
733 2453 925 2541 εἰσενήνοχε,
949 2452 1038 2541 πλήν
1054 2454 1087 2520 εἰ’
1106 2452 1221 2543 τιάρα

146 2555 186 2635 ἐξ.
202 2549 281 2623 ὅτου
303 2560 369 2622 τών
391 2555 622 2643 Νικοστράτου
644 2549 909 2643 ἠμφεσβήτησεν,
934 2549 1004 2620 066³
1024 2549 1100 2621 666²
1127 2551 1221 2624 οὗδδν

144 2655 222 2743 ὑμῖν
246 2658 519 2746 λελειτούργηκεν.
571 2657 691 2723 ἐ’πειτα
718 2660 871 2735 τοιοῦτος
893 2683 940 2722 ων
963 2650 1021 2723 οὐκ
1052 2651 1171 2748 άγαπηῖ
1193 2658 1221 2725 ελ

145 2760 190 2848 μή
218 2787 284 2828 ταν
313 2756 596 2848 ήμαρτημένωνδ
597 2765 668 2849 ίκην
691 2759 808 2841 δάσει,
839 2753 924 2825 6666
946 2763 1002 2827 καὶ
1029 2786 1098 2827 των
1121 2755 1221 2828 άλλο-

96 2868 202 2950 ῧθτρί
204 2889 249 2928 ων
273 2856 488 2950 ἀμφισβητεῖ.
523 2861 634 2963 εἰμὲν
658 2861 714 2929 οὐν
730 2863 801 2928 οίδε
823 2861 1097 2950 φιλοπράγμονες
1117 2854 1139 2950 6
1163 2859 1221 2930 άλ-

147 2957 266 3042 λοις“
247 2989 360 3048 υμοιοι
387 2963 584 3042 πολίταις
567 2950 661 3052 ήσαν,
691 2965 775 3042 ἰ’σως
797 2954 838 3030 66
860 2957 898 3030 06
922 2967 1000 3052 περὶ
1028 2990 1095 3030 των
1118 2973 1221 3033 Νικο-

148 3065 289 3155 στράτου
314 3065 491 3154 χρημάτων
520 3060 746 3189 ήμφεσβήτει,
771 3058 888 3131 άλλΗ
871 3066 956 3183 υπὲρ
984 3069 1044 3132 τοῦ
1066 3088 1220 3150 σωματος

146 3162 235 3294 ήγων
237 3167 340 3247 ίζετο·
365 3162 489 3249 νῦνδ,
513 3195 540 3234 ω
560 3164 678 3256 ἄνδρες
700 3169 865 3246 δικασταί,
844 3171 1005 3234 ίτοῦτον
1027 3168 1088 3250 μὲν
1111 3164 1219 3247 άλλος,

148 3269 206 3337 δάν
226 3294 278 3348 τις
299 3268 469 3360 βούληται,
492 3271 728 3360 τιμωρήσεται,
751 3272 901 3336 τουτοισὶ
926 3263 994 3334 δ)ε
975 3283 1071 3353 υμεῖς
1091 3271 1222 3360 βοηθή-

97 3378 240 3454 81σατε,
263 3375 319 3439 καὶ
339 3372 384 3461 μή
408 3376 487 3457 περὶ
510 3375 591 3440 πλεί
578 3379 667 3450 ίονος
690 3370 884 3496 ποιήσησθε
898 3370 976 3449 τοδς
998 3365 1055 3438 άδί
1043 3377 1122 3450 ίκως
1142 3368 1221 3439 τάλ-

149 3473 305 3560 λάτρια’
288 3499 372 3556 εχειν
393 3463 651 3560 βουλομένουςῖ
629 3499 649 3538 τ
665 3471 742 3549 τοὺς
764 3476 901 3558 γένει
865 3497 920 3536 τω
936 3475 1099 3540 τεθνεωτι
1113 3495 1221 3562 προσ·

147 3576 288 3665 ήκοντας
308 3579 365 3643 καὶ
388 3580 492 3664 χωρὶς
513 3576 639 3642 τούτων
668 3569 730 3662 ήδη
754 3600 788 3640 τι
816 3534 938 3649 ἒκεῑίον
962 3569 1220 3665 εὖεργετηκότας,

233 3736 247 3783 ’ί
266 3733 320 3783 ἕεις
338 3727 482 3790 ἐπέδειξαν
500 3728 575 3780 Fuhr.
648 3727 691 3778 27.
710 3730 723 3778 3
743 3722 861 3795 ἁγοθέου
879 3742 924 3793 pr„
943 3741 1008 3778 corr.
1027 3731 1038 3778 1
1060 3755 1094 3766 -
1111 3730 1128 3780 4
1146 3723 1223 3778 αὐτοὶ

148 3832 211 3869 corr.
226 3820 249 3882 1,
266 3803 341 3868 οὗτοι
353 3831 390 3883 pr.
410 3842 443 3853 -
461 3818 476 3866 5
495 3806 549 3877 ὅπη
562 3827 607 3877 με,
624 3805 688 3863 ὅποι
700 3827 763 3864 οοιι.
776 3816 797 3864 1.
850 3810 894 3866 28.
915 3816 927 3864 1
946 3807 1080 3863 τοίστουσ
1097 3842 1130 3851 -
1149 3816 1164 3865 3
1180 3812 1222 3861 ἐν·

148 3898 271 3969 δάδερι,
291 3916 354 3952 corr.
372 3903 384 3950 1
404 3926 437 3937 -
455 3901 472 3950 4
489 3892 536 3949 ιλιι
554 3912 566 3947 ε
584 3912 629 3962 pr.‚
649 3892 673 3948 οἱ
691 3913 710 3949 ε.
729 3912 753 3948 v.
773 3900 796 3949 2.
875 3895 922 3951 30.
942 3900 953 3948 1
975 3897 999 3948 εἰ
1017 3912 1079 3950 corr.
1099 3900 1122 3959 2,
1141 3893 1168 3947 οἱ
1185 3911 1222 3963 pr.

231 3985 274 4040 31.
296 3987 317 4036 1.
336 3988 350 4034 2
368 3975 534 4051 τάλλότρια
551 3997 598 4048 pr„
615 3975 765 4051 τάλλότρια
783 3997 846 4034 corr.
868 3986 890 4035 1.
