2626 4476
143 237 184 303 98
627 242 735 296 ΙΣΑΙΟΥ
1150 262 1186 304 01,
1200 261 1222 303 8.

141 428 213 491 τοῖς
235 409 408 501 ἡμετέροις
432 404 471 479 όν
494 406 719 500 όιπιοτὴσαιτε
742 414 893 495 εἰκότως,
918 408 1002 480 ἀλλὰ
1024 412 1112 480 πολύ
1136 415 1223 497 μῦλ·

143 519 201 582 λον
223 529 294 594 τοῖς
316 516 442 583 τούτων
464 515 638 602 μάρτυσιν.
757 585 760 590 ,

91 628 126 682 15
226 613 343 703 Ἡμεῖς
365 625 476 686 τοίνυν
497 621 553 683 καὶ
577 613 661 684 δι’λλα
683 619 842 706 τεκμήρια
857 616 945 705 πρός
958 618 1091 696 τούτοις
1106 617 1221 701 ἔχομεν

143 722 267 803 εἰπεῖν,
301 721 357 788 ἵνα
386 720 559 806 γνώσεσθε
589 712 643 787 ότι
677 719 711 785 ἐκ
739 718 908 807 θυγατρός
940 716 1036 808 ἡμεῖς
1069 724 1223 807 Κέρωνος

144 824 251 907 ἐσμέν.
297 823 352 891 οἷα
374 822 436 910 γὰρ
460 821 548 900 είκδς
570 822 703 888 παίδων
725 824 824 889 υἱέων
842 821 879 900 ἐξ
899 821 1020 889 ἑαυτοῦ
1040 821 1217 911 θυγατρός,

143 921 363 993 οὐδεπώποτε
383 920 611 991 θυσίανόὶνευ
638 920 732 1011 ἡμῶν
755 919 912 1008 οὐδεμίαν
942 923 1110 1014 ἐποίησεν,
1143 917 1216 991 ἄλλ’

144 1029 177 1095 εί
196 1054 233 1095 τε
253 1027 356 1113 μικρὰ
380 1027 413 1093 εἰ’
432 1051 469 1092 τε
490 1025 618 1112 μεγάλα
640 1026 732 1103 θύοι,
756 1029 928 1108 πανταχοῦ
949 1029 1103 1114 παρῆμεν
1125 1021 1222 1114 ἡμεῖς

142 1135 197 1199 καὶ
222 1130 437 1213 συνεθύομεν.
473 1132 530 1195 καὶ
546 1123 583 1195 οῦ
605 1129 708 1212 μόνον
724 1129 772 1207 εἰς
793 1127 835 1195 τὰ
851 1132 990 1197 τοιαῦτα
1012 1128 1220 1217 παρεκαλοῦ-

143 1237 251 1316 μεθα,
281 1225 365 1297 ῦλλὰ
395 1234 451 1297 καὶ
480 1230 528 1306 εἰς
549 1230 715 1297 Διονύσια
745 1231 793 1310 εἷς
816 1225 917 1318 ἆγρδν
946 1217 1024 1317 ἡγεν
1046 1224 1100 1297 ἀεὶ
1121 1226 1217 1318 ἡμᾶς,

9 1338 13 1346 ’
91 1338 127 1393 16
144 1336 200 1400 καὶ
221 1325 296 1417 μετ’
321 1332 446 1398 ἐκείνου
473 1357 511 1398 τε
538 1331 750 1419 έθεωροῦμεν
778 1332 966 1418 καθήμενοι
994 1326 1078 1418 παρ)
1108 1325 1217 1412 αῦτόν,

142 1433 284 1513 καὶτὰς
311 1432 428 1522 ἑορτὰς
454 1429 577 1522 ἡγομεν
605 1427 689 1521 παρ’
716 1432 839 1501 ἐκεῖνον
866 1432 995 1510 πόσας·
1025 1437 1074 1520 τηῦ
1095 1439 1159 1501 Διί
1184 1458 1220 1499 τε

141 1537 237 1604 θύων
257 1541 308 1623 τῷ
322 1542 469 1624 Κτησίῳ,
492 1539 571 1624 περὶ
593 1534 633 1623 ἡν
655 1530 790 1619 μάλιστ’
810 1534 932 1613 ἐκεῖνος
953 1541 1081 1602 θυσίαν
1096 1534 1220 1602 ἐσπού-

144 1639 221 1719 δαζε
241 1641 299 1706 καί
325 1633 402 1705 οῦτε
427 1636 564 1714 δούλους
593 1641 760 1724 προσῆγεν
782 1632 858 1703 ούτε
884 1636 1081 1723 ἐλευθέρους
1104 1631 1219 1704 όθνεί-

144 1767 210 1820 ους,
234 1734 308 1807 ἀλλ’
336 1734 436 1818 αῦτδς
465 1734 512 1806 δι’
539 1739 658 1806 ἑαυτοῦ
680 1733 782 1806 πάντ’
809 1737 930 1806 ἐποίει.
979 1738 1104 1827 ταύτης
1125 1735 1220 1828 ἡμεῖς

144 1843 380 1927 ἓκοινωνοῦμεν
395 1846 452 1909 καὶ
466 1841 508 1908 τὰ
529 1840 601 1929 ἱερὰ
624 1847 953 1930 σονεχειρουργοῦμεν
967 1844 1024 1908 καὶ
1047 1846 1219 1909 συνεπετί·

86 1997 91 2006 .
143 1952 249 2029 θεμεν
276 1948 332 2011 καὶ
359 1931 465 2010 τᾶλλα
489 1947 737 2027 συνεποιοῦμεν,
766 1947 822 2011 καὶ
850 1938 965 2032 ηῦχετο
987 1939 1067 2031 ἡμῖν
1093 1939 1218 2031 ῦγίειαν

145 2047 277 2115 διδόναι
304 2048 360 2112 καὶ
387 2048 502 2133 κτῆσιν
531 2038 674 2130 ἇγαθὴν,
704 2037 820 2132 ὥσπερ
843 2044 930 2123 εἰκός
958 2041 1039 2111 ὅντα
1061 2044 1217 2111 πάππον.

92 2151 126 2206 17
144 2155 255 2215 καίτοι
278 2148 307 2214 εἰ
328 2146 373 2232 μὴ
396 2145 619 2232 θυγατριδοῦς
640 2141 728 2233 ἡμᾶς
750 2145 897 2230 ἐνόμιζεν
919 2143 1006 2213 εἶναι
1027 2149 1084 2212 καὶ
1099 2145 1220 2230 μόνους

145 2249 295 2336 ἐκγόνους
323 2246 411 2332 ἑώρα
440 2245 581 2325 λοιπούς
609 2250 928 2331 καταλελειμμένους
956 2244 1062 2333 αύτῷ,
1094 2241 1153 2314 ούκ
1181 2242 1218 2313 ἄν

144 2375 230 2417 ποτε
244 2350 355 2416 ἐποίει
367 2348 494 2415 τούτων
510 2341 614 2430 οῦδέν,
639 2344 723 2416 ἀλλὰ
737 2343 830 2416 τόνδ’
850 2340 890 2415 όν
907 2345 997 2434 αύτῷ
1018 2355 1217 2435 παρίστατο,

145 2452 183 2531 ὃς
199 2446 400 2540 ἀδελφιδοῦς
416 2446 518 2518 αῦτοῦ
533 2455 590 2518 νῦν
605 2448 692 2517 εἶναί
707 2473 801 2540 φησι.
838 2453 893 2517 καὶ
915 2443 1019 2517 ταῦθ’
1038 2443 1093 2518 ότι
1107 2444 1217 2539 όιληθὴ

144 2546 246 2622 πάντ’
265 2553 365 2638 ἐστίν,
388 2548 608 2642 ἀκριβέστατα
629 2553 690 2636 μὲν
712 2553 745 2618 οἱ
766 2557 826 2619 τοῦ
841 2551 989 2619 πάππου
1009 2552 1220 2639 θεράποντες

143 2656 267 2743 ἰ’σασιν,
291 2655 348 2734 οὓς
370 2651 466 2733 οὗτος
487 2655 700 2742 παραδοῦναι
722 2652 770 2730 εἰς
789 2653 938 2739 βάσανον
961 2646 1017 2719 οῦκ
1042 2647 1217 2744 ἠθέλησεν,

143 2758 241 2825 ἰ’σαοι
269 2758 305 2823 δὲ
334 2756 404 2843 (τὰ)
434 2760 707 2844 περιφανέστατα
734 2758 790 2822 καὶ
812 2759 879 2822 τῶν
901 2755 1015 2840 έκείνιμ
1040 2759 1217 2843 χρωμένων

44 2897 48 2908 ·
143 2864 242 2940 τινές,
265 2857 322 2934 οῦς
344 2858 533 2945 παρέξομαι
554 2856 733 2944 μάρτυρας.
777 2863 847 2924 Καί
867 2882 927 2941 μοι
949 2856 1029 2941 λαβέ
1051 2854 1114 2935 τὰς
1134 2881 1216 2944 μαρ-

144 2968 261 3049 τυρίας
280 2961 334 3026 καὶ
359 2953 540 3044 όνόγνωθι.
809 2984 812 2991 ·

567 3063 796 3116 MAPTYPIAI.

93 3165 129 3222 18
237 3139 284 3214 Οῦ
306 3151 417 3212 τοίνυν
440 3144 473 3211 ἐκ
495 3144 621 3213 τούτων
644 3145 744 3233 δὴλόν
767 3143 838 3213 ἐστι
859 3145 962 3230 μόνον
984 3139 1038 3211 ότι
1059 3129 1100 3230 ἡν
1125 3139 1216 3231 ἡμῶν

144 3244 165 3336 ἡ
188 3247 295 3336 μὴτηρ
316 3246 467 3335 θυγάτηρ
487 3253 606 3337 γνησία
621 3252 783 3333 Κίρωνος,
806 3237 892 3310 ἇλλδι
912 3246 969 3310 καί
991 3241 1027 3322 ἐξ
1047 3237 1128 3310 ιύνό
1151 3269 1218 3309 πα·

144 3348 206 3437 τὴρ
228 3345 321 3438 ἡμῶν
343 3348 467 3437 ἔπραξε
488 3351 544 3416 καὶ
567 3348 603 3428 ἐξ
623 3341 669 3416 ιῦν
693 3349 728 3414 αἱ
750 3360 899 3434 γυναῖκες
922 3346 958 3412 αἱ
979 3349 1046 3412 τῶν
1066 3345 1216 3434 δημοτῶν

234 3574 265 3623 10
283 3565 418 3639 ὑμετέροιν
435 3585 481 3636 pn,
499 3585 562 3625 corr.
581 3573 598 3623 2
620 3599 654 3607 —
678 3561 859 3633 ἆπιστὴσητει
879 3582 927 3620 em.
946 3567 994 3621 Bk.
1062 3566 1106 3621 15.
1125 3568 1140 3618 2
1158 3564 1216 3617 ἴναι

147 3651 185 3706 υἷε
201 3653 248 3705 Bk.
267 3682 299 3691 —
316 3648 468 3724 γνοίσωθε
486 3670 531 3720 ρο,
553 3672 567 3705 ε
583 3655 610 3706 in
631 3669 682 3709 ras.
706 3669 770 3706 corr.
789 3656 803 3704 2
822 3652 880 3716 (sic)
903 3678 935 3689 —
961 3655 975 3703 3
994 3645 1107 3703 παίδων
1124 3651 1150 3703 in
1168 3664 1214 3702 ras.

147 3736 246 3793 add.1:
264 3733 380 3791 πάππον
391 3732 461 3790 ὄντα
472 3740 561 3790 ποιεῖν
573 3738 634 3792 Rsk.
652 3766 686 3775 -
702 3735 797 3789 υἱέωνι
816 3731 908 3787 ὄντων
920 3733 1023 3803 Sauppe
1041 3764 1075 3774 -—
1093 3739 1108 3788 5
1121 3729 1215 3803 πάρω-

145 3840 197 3888 μιν
215 3836 261 3888 pr.‚
279 3838 343 3874 corr.
362 3826 386 3876 2.
454 3822 497 3877 16.
516 3826 531 3875 3
549 3822 618 3875 τῶ..
637 3836 674 3888 pr.
691 3850 727 3858 -
744 3823 796 3873 6.7
815 3818 1010 3886 συνετίθιμονε
1029 3835 1078 3873 em.
1097 3818 1174 3871 Schb.
1186 3843 1216 3856 -

147 3903 161 3958 '¹1
179 3893 248 3959 τᾶλα
265 3910 329 3969 (aee.
346 3908 372 3959 in
385 3910 454 3972 raa).
522 3905 563 3960 17.
581 3908 597 3959 6
615 3891 694 3959 οῦτοι
705 3904 778 3958 Dbr.:
797 3901 877 3957 αὐτὸς
893 3933 925 3943 -
946 3909 959 3956 7
979 3902 1015 3958 τὰ
1033 3903 1090 3958 add.
1103 3903 1135 3956 de
1152 3917 1215 3954 meo.

229 3991 273 4047 18·
291 3994 307 4045 3
325 3995 355 4042 ίκ
372 3995 431 4044 ante
448 3990 508 4042 τῶν
525 3985 588 4057 δημ.
605 4004 669 4042 eras.
