2626 4476
94 243 165 295 ..κ
381 223 742 279 συοιτοεκκτιοαυκ
760 225 896 279 emor.
1112 223 1172 282 115

94 396 152 462 ἵνα
172 398 305 480 μετέχοι
331 398 391 482 τῆς
418 399 604 472 κοινωνίας.
655 387 752 462 αῦτοί
780 386 812 458 δ’
838 388 915 478 ύμῖν
945 395 977 461 οἱ
999 400 1173 464 θιασῶται

94 496 373 585 μαρτυρήσουσιν.

520 599 743 652 ΜΑΡΤΥΡΕΣ.

175 677 255 770 Ἐγώ
280 683 325 765 δέ,
346 669 397 767 Ιῶ
421 677 547 769 ἄνδρες,
571 677 618 760 ῶς
640 682 807 770 διεκείμην
825 679 912 769 πρὸς
933 680 992 749 τδν
1015 675 1171 772 ἀδελφόν,

94 790 282 873 σκέψασθε.
334 787 468 870 πρῶτον
490 783 550 868 μὲν
579 783 642 873 μὰρ
666 782 874 871 συνετράφην
896 780 1046 871 ἐκείνην’
1032 809 1068 851 εκ
1088 810 1172 852 παι-

94 888 198 1010 δίου,
202 887 321 955 ἔπειτα
345 879 507 953 ούδέποτε
529 883 727 1003 διύηορος’
713 883 892 973 εμενύμην,
903 877 977 951 ἀλλ’
1003 880 1170 974 ἠσπάζετό

91 1015 144 1075 με,
167 985 214 1069 ῶς
236 989 350 1056 ίσασιν
366 988 399 1054 οι
422 987 540 1055 οἰκεῖοι
554 981 718 1077 ποίντεςο
701 987 735 1054 οἱ
755 983 912 1075 ήμέτεροι
930 990 985 1055 καὶ
1010 989 1043 1056 οι
1058 996 1099 1077 φί
1086 992 1172 1058 ί·λοι

94 1091 152 1171 οῦς
172 1086 378 1178 βούλομαι(
361 1104 439 1175 υμῖν
461 1089 631 1176 μάρτυρας
654 1082 868 1174 ἀναβιβάσαι.

519 1210 742 1264 ΜΛΡΤΥΡΕΣ.

181 1299 286 1362 Δοκεῖ
307 1284 347 1361 δν
370 1279 427 1361 οῦν
449 1290 526 1377 ύμῖν
548 1286 758 1380 Ἀστύφιλος,
780 1279 806 1358 ῶ
830 1287 955 1382 ύνδρες,
985 1289 1091 1373 ούτως
1111 1297 1171 1382 μὲν
1188 1306 1224 1363 81

94 1401 205 1482 μισῶν
225 1398 381 1477 Κλέωνα,
412 1399 559 1462 τοσαῦτα
588 1389 620 1461 δ’
648 1389 764 1481 ἀγαθὰ
784 1390 851 1461 ῦπδ
881 1399 941 1462 τοῦ
961 1396 1092 1484 πατρὸς
1113 1403 1172 1465 τοῦ

93 1499 174 1585 ἐμοῦ
196 1497 399 1580 πεπονθώς,
430 1490 530 1574 αῦτός
551 1499 618 1563 τῶν
641 1491 816 1583 ἐχθρῶν’
795 1523 835 1562 αν
861 1522 952 1575 τινος
974 1496 1047 1565 υίδν
1069 1499 1171 1586 ποιή-

94 1606 227 1669 σασθαι
247 1591 268 1688 ή
290 1599 332 1667 τὰ
354 1599 474 1667 ἑαυτοῦ
497 1598 624 1680 δοῦναι,
646 1595 724 1677 τούς
745 1590 916 1685 εύερμέτας
930 1601 987 1665 καὶ
1000 1598 1078 1678 τοῦς
1093 1623 1171 1687 συμ-

91 1716 198 1791 μενεῖς
227 1696 477 1791 ἇποστερήσας,·
505 1698 567 1787 ἐγῶ
597 1700 658 1785 μὲν
687 1693 744 1767 ούκ
767 1690 808 1766 ἂν
830 1701 961 1786 οἴομαι,
985 1700 1094 1769 εἶκαὶ
1116 1702 1171 1769 δε-

91 1804 187 1884 κύκις
209 1831 226 1874 ο
216 1801 406 1892 (Ἱεροκλῆς
428 1802 596 1891 διαθήκας
616 1802 754 1887 ψευδεῖς
769 1795 990 1885 ἀποδεικνύει,
1014 1797 1099 1871 αλλὰ
1114 1809 1170 1872 καί

92 1905 208 1974 διὰ
172 1932 210 1974 το
235 1899 435 1995 αδελφδν
405 1913 493 1972 είναι
513 1907 570 1970 καί
593 1902 707 1971 διὰ
671 1930 731 1991 την
747 1899 904 1994 ῦίλλην
859 1906 1059 2034 οικειύτητα
1081 1907 1168 1974 πολύ

90 2010 218 2093 μᾶλλον
240 2006 422 2097 προσήκειν
445 2009 520 2091 εμοι
541 2032 560 2094 η
589 2031 636 2092 τῳ
624 2006 870 2104 Κλέωνοςί
836 2021 916 2089 υιεῑ,
941 2007 1016 2076 ἐπεὶ
1037 2008 1168 2086 τούτοις
1183 2019 1224 2076 82

90 2135 127 2197 με
143 2103 219 2178 οῦδὲ
234 2133 335 2198 προσ
326 2108 544 2197 ποιήσασθαι
564 2105 704 2175 καλδν’
687 2134 727 2195 ην
749 2111 815 2175 τῶν
832 2101 1045 2198 Ἀστυφίλου,
1070 2111 1105 2178 οἵ
1117 2137 1169 2178 τι·

92 2237 145 2292 νες
167 2205 254 2280 ούτω
277 2212 475 2279 διέκειντο
459 2209 546 2332 πρὸς
569 2203 680 2291 αύτύν,
709 2208 751 2276 τὰ
774 2205 848 2277 δέ
833 2216 917 2279 οστᾶ
940 2206 998 2280 οῦκ
1020 2212 1169 2299 ἔθαψαν,

92 2307 177 2380 ἀλλὰ
200 2311 365 2404 πρότερον
388 2311 447 2381 ἐπὶ
469 2310 529 2399 τήν
544 2306 621 2379 οῦσί
623 2338 663 2377 αν
685 2297 793 2400 ἦλθον
808 2317 890 2402 πρὶν
913 2312 1026 2402 ἐκείνῳ
1049 2313 1091 2382 τδι
1114 2340 1170 2382 νο-

90 2415 251 2502 μιζόμενα
272 2419 426 2536 ποιήσαι.
465 2413 583 2482 ’ἔπειτα
606 2417 662 2480 νῦν
678 2407 860 2492 ἀξιώσουσι
874 2418 1088 2505 κληρονομεῖν
1103 2420 1170 2483 τῶν

90 2511 235 2606 Ἀστυφί
222 2511 353 2584 ίλου
318 2543 355 2585 ου
378 2513 481 2602 μόνον
503 2515 565 2594 τὰς
572 2514 753 2638 διαθήκας
776 2517 933 2603 λέγοντες,
958 2510 1043 2583 ἀλλὰ
1058 2520 1112 2585 καὶ
1128 2518 1167 2585 τὸ

91 2624 183 2742 ηένος
205 2611 506 2740 παρατιθέντες,’
486 2644 541 2738 ητι
563 2611 705 2703 ἀνεψιὸς
725 2603 765 2706 ήν
787 2620 903 2687 Κλέων
926 2618 1013 2708 πρὸς
1028 2620 1167 2706 πατρός.

90 2717 176 2805 ύμᾶς
199 2707 294 2802 δέ,
268 2747 294 2786 ω
317 2716 448 2810 ἄνδρες,
473 2745 530 2787 ουκ
546 2719 633 2798 εικυς
656 2717 728 2786 εστι
741 2746 787 2807 τοι
810 2720 930 2788 τούτου
952 2726 1039 2809 γένει
1059 2745 1167 2810 προσ·
1181 2733 1225 2792 38.

91 2826 175 2906 ίχειν
198 2821 257 2890 τδν
280 2826 373 2891 νοῦν·
404 2816 513 2899 οὐδεὶς
533 2820 596 2941 ηδιρ
624 2821 768 2890 πώποτε
790 2821 967 2913 ἐκποίητος
994 2823 1169 2911 γενόμενος

92 2922 333 3014 ἐκληρονόμησε
349 2928 408 2992 τοῦ
424 2923 515 2991 οἴκου
531 2917 614 2991 ὅθεν
631 2921 832 3014 ἐξεποιήθη,
856 2923 913 2993 ἐὰν
928 2924 973 3015 μή
995 2925 1167 3014 ἐπανέλθῃ

91 3025 174 3094 κατὰ
200 3025 259 3094 τδν
284 3025 385 3111 νόμον
402 3078 410 3092 .
427 3077 435 3092 .
452 3077 485 3094 ..
530 3017 623 3093 οὗτοι
648 3030 763 3110 μέντοι
786 3021 929 3115 ἀκριβῶς
960 3027 1086 3106 εἰδότες
1114 3021 1168 3095 ύτι

91 3121 149 3194 ούκ
178 3126 364 3216 ἐποιήσατο
394 3120 595 3216 Ἀστύφιλος
620 3127 678 3196 τδν
706 3130 861 3208 Κλέωνος
889 3129 971 3212 υἱόν,
1005 3130 1168 3208 πολλάκις
1200 3166 1202 3170 ’

92 3227 272 3320 ἐληλυθότι
295 3223 384 3317 αῦτηῦ
407 3222 626 3296 ούδεπῶποτε
653 3230 941 3318 κεκρεανομήκασι.
985 3237 1087 3319 Λαβέ
1107 3259 1167 3318 μοι

91 3335 146 3400 καὶ
168 3330 291 3421 ταύτην
312 3329 371 3420 τήν
392 3337 588 3420 μαρτυρίαν.

522 3453 737 3506 ΜΑΡΤΥΡΙΑ.

159 3640 176 3691 4
192 3637 313 3706 Ηοτροοτ.
326 3653 350 3689 v.
363 3636 474 3689 θίασοι·
494 3636 636 3691 θιασῶται
655 3631 681 3688 δ’
701 3634 847 3690 ἐκαλοῦντο
857 3635 885 3689 οἱ
894 3639 1090 3691 κοινωνοῦντες
1106 3641 1167 3694 τῶν

93 3717 204 3775 θιάσων
280 3713 374 3774 Ἰσαῖον
394 3726 426 3774 ίν
449 3722 490 3788 τῷ
512 3725 574 3791 περὶ
590 3717 750 3791 Ἀστυφίλου
768 3717 866 3790 κλήρου
883 3751 917 3762 -
939 3725 955 3774 6
973 3723 1166 3796 ἐκμαρτυρίαι

118 3852 121 3857 .
159 3803 203 3862 81.
223 3811 234 3860 l
254 3800 321 3870 δοκῆ
337 3821 385 3873 pr„
403 3809 495 3860 υσυαλ
513 3835 547 3844 -
564 3801 629 3874 ἡμῖν
647 3822 693 3873 pr„
712 3809 801 3860 υσυαλ.
852 3805 899 3862 32.
920 3812 931 3860 l
952 3808 1012 3861 ἐπεὶ
1024 3807 1098 3861 asle:
1117 3810 1165 3861 ίπι

93 3918 124 3930 -·
142 3895 155 3943 Ἰ
175 3889 375 3960 προστιθέντες
386 3889 445 3942 Dbr.
497 3889 572 3946 38.'4
590 3891 680 3944 deesse
697 3891 828 3960 complura
840 3891 905 3944 uidit
916 3892 1016 3945 Βοῦσαι
1033 3923 1067 3932 -
1085 3896 1101 3946 6
1117 3911 1165 3960 μοι

94 3988 113 4028 ο.
132 3992 154 4028 v.
176 3980 198 4030 1.
960 4062 992 4115 8*
