2626 4476
97 287 119 326 p,
133 275 167 317 ω,
376 256 453 311 ΠΕΡΙ
470 256 533 310 ΤΟΥ
550 257 751 311 ΑΡΙΣΤΛΡΧΟΥ
768 258 905 311 ΚΛΗΡΟΥ.
1117 255 1178 316 119

98 451 156 509 χος
180 420 256 493 οὐδὲ
278 420 399 493 καθ’(
387 427 445 493 ε’να
468 425 569 511 νόμον
592 419 692 494 αότδν
709 426 854 515 είληιμεν,
878 419 964 494 άλλὰ
981 423 1075 514 παρά
1092 426 1179 494 πόν-

101 554 160 608 τας
173 526 253 607 τοὺς
275 527 396 612 νόμους
412 521 520 596 άδικεῑ
541 526 625 612 μετὰ
640 531 707 595 ταῖν
722 527 807 595 οίκεί
795 534 854 595 ίων
869 527 928 616 τὴν
946 527 1028 617 έμὴν
1042 534 1177 618 μητέρα.

101 623 184 698 ὅθεν
207 617 264 698 οὖν
288 634 484 719 σαφέστατα
506 626 758 718 μαθήσεσθε
732 655 778 708 ως
801 629 866 713 ἔχει
884 633 999 712 ταῦτα,
1024 629 1178 698 ἐντεῦθεν

100 728 186 817 ὑμᾶς
209 736 346 821 πρῶτον
367 731 575 852 πειράσομαι
598 732 775 799 διδάσκειν.

185 827 401 922 Ἀρίσταρχος
429 819 534 921 333
514 860 564 920 ην,
588 819 614 899 τό
638 829 769 922 ανδρες
792 832 1034 923 Συπαληττιος.
1081 826 1213 912 οότος4

100 936 199 1032 ἔλαβε
230 938 429 1009 Ξεναινέτου
457 929 641 1022 Ἀχαρνέως
673 941 860 1024 θυγατέρα,
895 930 981 1016 ἐξ
960 961 999 1024 ης
1031 941 1178 1021 γίγνεται

100 1041 234 1159 Κυρωνί
236 1039 293 1126 δης
321 1040 377 1103 καὶ
398 1036 599 1126 Δημοχάρης
627 1035 723 1104 καί
705 1064 724 1126 η
754 1064 861 1139 ιητηρ
883 1065 903 1127 η
932 1036 991 1126 ἐμὴ
1015 1040 1070 1104 καὶ
1094 1032 1176 1164 άλλη

99 1139 226 1207 τούτων
250 1133 634 1258 άδελφή.1(υρωνίδης
656 1140 717 1223 μὲν
700 1139 797 1208 νοόν
820 1137 837 1208 δ
867 1141 965 1208 τοῦδε
986 1137 1099 1228 πατὴρ
1121 1142 1177 1206 καί

98 1246 247 1368 θατέρου
269 1245 328 1308 τοῦ
350 1238 502 1306 τόνδε
467 1265 526 1307 τον
547 1243 666 1328 κλῆρον
689 1235 747 1309 άδί
734 1247 812 1321 ίκως
835 1242 964 1326 ἐ’χοντος
991 1240 1175 1330 ἐξεποιήθη

57 1332 62 1342 ’
99 1342 147 1421 εις
183 1342 294 1431 ἕτερον
323 1338 421 1424 οἶκον,
458 1334 544 1408 ὥστε
574 1336 663 1430 αότιχῖ
691 1348 758 1411 των
788 1344 966 1464 χρημάτων
999 1336 1144 1411 03333M
1127 1368 1176 1410 ετι

98 1449 281 1567 προσῆκεν·
303 1437 520 1533 Ἀριστάρχου
550 1445 586 1511 δὲ
607 1449 667 1512 τοῦ
689 1443 819 1532 πατρὸς
844 1445 930 1530 (τοῦ)
951 1445 1078 1512 τούτων
1098 1446 1102 1529 Ι
1122 1469 1176 1511 τε

99 1545 319 1634 λευτησαντος
339 1544 593 1634 Δημοχάρηςο
562 1543 593 1631 (ό
598 1549 609 1631 )
633 1546 705 1625 υἱός
727 1546 930 1635 κληρονόμος
957 1549 1024 1613 τῶν
1051 1544 1174 1613 ἐκείνου

39 1647 41 1651 ’
97 1653 250 1737 κατέστη.
295 1649 412 1716 τούτου
436 1648 472 1714 33
485 1647 621 1774 παιδός
643 1641 880 1727 άποθανόντος
901 1651 958 1715 καὶ
980 1651 1039 1735 τῆς
1061 1646 1175 1737 ἑτέρας

88 1744 313 1839 ·άδελφῆς,ᾗ
293 1777 306 1816 τ
303 1749 448 1869 χμητηρ
477 1747 496 1839 3
522 1748 581 1838 3333
605 1748 663 1818 ἐπὶ
696 1753 800 1818 παντί
822 1755 871 1838 τη]
893 1751 973 1837 οἴκῳ
997 1748 1175 1839 ἐπίκληρος

97 1852 236 1939 ἐγένετο.
280 1855 335 1919 καὶ
358 1845 444 1919 οἱτω
466 1852 526 1936 μὲν
549 1845 630 1930 έξ’
612 1857 713 1940 αρχῆς
735 1846 869 1920 ἅπαντα
890 1854 987 1919 ταυτὶ
1012 1856 1071 1940 τῆς
1093 1849 1208 1975 33395

96 1952 222 2080 μητρός
248 1952 385 2040 ἐγένετο
428 1958 598 2044 προσῆκον
627 1948 659 2019 δ’
687 1948 810 2043 33333
797 1952 881 2039 μετά
904 1978 971 2022 των
996 1953 1174 2072 χρημάτων

80 2059 144 2143 ,333
173 2053 332 2176 ἒχχότατα
361 2061 475 2142 μένους
504 2070 676 2138 συνοικεῖν,
706 2055 829 2181 πάσχει
852 2040 1090 2136 δεινότατα,
1064 2081 1090 2120 ω
1116 2049 1173 2121 33-

95 2157 184 2244 δρες.
202 2150 447 2278 Ἀριστομένης
469 2156 530 2245 333
547 2149 743 2248 άδελφδς
716 2185 762 2224 ων
777 2156 844 2225 ἐκεί
845 2183 901 2225 νου
923 2182 981 2224 του
968 2150 1173 2279 Ἀριστάρ-

94 2282 169 2340 χου,
199 2253 296 2336 όντος
325 2253 415 2346 αὐτῷ
437 2261 526 2338 υἱέος
554 2263 610 2327 καὶ
632 2261 811 2348 θυγατρός,
835 2248 1050 2348 άμελησας’
1029 2285 1048 2345 η
1073 2251 1173 2335 αότδς

96 2352 198 2448 αὐτὴν
229 2359 313 2442 έχειν
340 2351 361 2449 3
390 2365 438 2448 333
467 2363 534 2429 υίεῑ
560 2360 643 2446 μετὰ
666 2366 726 2429 τοῦ
752 2361 872 2451 κλήρου
895 2360 1172 2440 ἐπιδικάσασθαι,

90 2455 221 2528 ’τούτων
250 2462 311 2547 μὲν
341 2455 478 2530 οόδὲν
465 2469 618 2552 εποίησε,
648 2462 708 2552 τὴν
739 2465 775 2531 δὲ
799 2461 901 2531 αὑτοῦ
922 2460 1128 2550 θυχατέρα’
1114 2464 1172 2528 επὶ

90 2577 168 2642 τοῖς
190 2588 249 2652 της
272 2562 351 2650 ἐμῆς
373 2563 498 2653 μητρός
517 2565 664 2686 χρήμασι
685 2566 861 2654 Κυρωνίδῃ
885 2564 1050 2646 ξέέ,δωκεν
1074 2557 1154 2642 ἐξ
1133 2588 1172 2651 ης

91 2661 114 2733 3
129 2667 327 2744 Ξεναίνετος
350 2659 447 2743 οὗτος
467 2669 523 2734 καί
537 2661 791 2793 Ἀρίσταρχος
774 2694 792 2735 ο
814 2665 1011 2755 τελευτήσας
1034 2663 1171 2751 ἐγένετο.

89 2766 131 2834 τό
155 2753 277 2852 μὲν
239 2792 296 2833 ουν
320 2760 377 2835 333
364 2774 480 2894 ίκημα,
510 2771 565 2835 καὶ
588 2767 626 2836 ὃν
648 2769 775 2853 τρόπον
796 2794 863 2835 των
885 2766 1063 2887 χρημάτων
1085 2760 1169 2834 άπε-
1186 2786 1206 2841 σ

90 2869 272 2958 στερήθην,
295 2863 387 2935 τοῦτ
406 2869 505 2952 ἔστιν,
529 2896 555 2936 ω
541 2856 739 2958 άνδρες·ι
740 2869 811 2939 ιετὰ
834 2871 870 2938 δέ
891 2896 996 2938 ταυτα
1010 2895 1118 2958 την
1091 2867 1171 2959 ίμην

93 2975 221 3060 μητέρα
244 2968 400 3039 ἐκδίδωσι
421 2975 470 3058 τῷ
442 2970 562 3059 333333
584 2979 699 3058 πατρί.
742 2979 878 3061 Κυρωνί
865 2974 937 3040 ίδου
961 2973 997 3039 33
1018 2969 1169 3057 τελευτή·

91 3095 216 3151 σαντος
230 3071 289 3140 τόν
303 3097 361 3141 του
348 3076 575 3146 Ξεναινέτου
591 3068 738 3163 άδελφδν
760 3074 950 3163 είσάχουσιν
963 3069 1168 3162 Ἀριστάρχῳ

94 3173 177 3256 υἱόν,
200 3167 278 3241 0333
298 3168 395 3240 καθ’·
410 3174 467 3242 ἕνα
490 3175 600 3262 νόμον,
623 3163 649 3242 ιό
674 3173 799 3265 ἄνδρες,
823 3173 870 3255 ιός
892 3175 954 3263 3333
978 3174 1013 3244 ἐκ
1034 3176 1168 3243 πολλῶν

93 3281 278 3364 τεκμηρίων
299 3272 377 3361 ὑμῖν
399 3275 567 3357 ἐπιδείξω.
946 3335 951 3343 .

179 3380 321 3460 Πρῶτον
341 3379 402 3463 μέν
417 3365 474 3446 σόν
495 3379 664 3469 μάρτυρας
685 3376 763 3464 ὑμῖν
777 3379 967 3468 παρέξομαι
989 3376 1034 3458 ὦς
1049 3386 1167 3468 Κυρω-
1185 3395 1200 3450 ἰ’
1218 3449 1222 3463 ‚

177 3579 204 3634 4.
226 3586 237 3635 1
257 3575 465 3649 συπαίλίμτιοεε
490 3599 539 3639 em.
558 3583 630 3637 Turr.
652 3613 685 3623 —
708 3587 723 3637 3
741 3579 887 3658 δημόχαριε
903 3601 949 3653 μα,
972 3600 1035 3638 corr.
1054 3587 1083 3650 2,
1106 3584 1168 3638 item

92 3667 117 3728 4,
135 3667 164 3728 ὃς
183 3668 208 3729 Ἰ,
225 3669 242 3720 4
260 3695 292 3704 -
317 3668 398 3720 5ιοῦ
420 3663 501 3720 τόνδε
517 3665 568 3722 τόν
585 3666 683 3742 κλῆρον
700 3684 763 3722 corr.
782 3673 806 3734 2,
828 3668 937 3723 τούτων
954 3667 985 3722 δὲ
1001 3666 1052 3723 τόν
1069 3666 1168 3740 κλῆρον

92 3745 178 3818 νόμον
195 3766 242 3818 με,
259 3748 345 3819 νόμον
362 3753 486 3820 expunxit
500 3757 510 3806 1
531 3782 565 3792 -
582 3751 694 3818 σχόντος
710 3753 813 3821 Sauppe
829 3784 864 3793 —
882 3758 896 3807 7
915 3754 964 3807 τοῦ
982 3755 1039 3808 add.
1057 3755 1116 3809 Dbr.
1134 3784 1168 3794 -

92 3829 141 3889 83
159 3834 218 3888 add.
237 3834 349 3906 Sauppe,
366 3834 422 3890 υίὸς
438 3836 488 3891 del.
502 3836 619 3892 Schoem.
637 3869 671 3878 -
689 3843 778 3892 κείνου
797 3868 830 3878 -
851 3842 867 3892 9
885 3836 984 3893 παιδὸς
1000 3836 1079 3893 ὄντος
1096 3839 1167 3893 Hert·

91 3918 144 3972 lein
162 3949 196 3960 -
217 3922 246 3974 10
265 3920 311 3974 ἐπὶ
331 3921 501 3975 Valckenaer:
519 3923 550 3976 έν
612 3923 638 3978 5.
657 3927 671 3976 '3
690 3919 834 3995 οὐδέτερον
851 3923 913 3979 Nbr.
930 3953 964 3964 ·-
982 3928 998 3979 8
1016 3919 1167 3994 κυρωνίδη·

92 4019 130 4072 pr.
199 4003 225 4060 6.
246 4008 267 4060 1.
289 4008 304 4058 2
322 4000 499 4077 ἀπεστερήθη
518 4007 643 4073 δοόοευκ,
661 4003 890 4081 ἀπεστερήθημτν
907 4008 984 4063 Schb.
