2626 4476
140 220 203 282 τοι
465 187 467 190 ⁴
625 217 733 272 mmor
1152 231 1219 277 αι

139 387 271 481 φανερὰ
294 381 341 456 δι
361 384 465 455 αὑτοῦ
480 392 671 468 ποιεῖσθαι,
694 383 856 505 παράγων
873 379 978 507 άνδρα
992 382 1215 472 πρεσβύτερον

138 497 345 581 ’θεραπείαις
366 492 422 557 καί
444 487 684 569 κολακείαις,“
666 513 729 567 εως
751 481 886 555 ἅπαντα
908 484 950 552 τὰ
973 484 1098 555 ἐκείνου
1121 511 1216 571 περι·

141 597 269 680 ἐλαβεν.
307 591 405 671 είδώς
428 583 506 658 63⁰
486 617 541 658 οτι
562 591 699 659 πάντων
715 588 777 676 έγώ
800 589 928 657 τούτων
941 587 1027 655 κατά
1049 587 1087 656 τὸ
1111 610 1217 677 προσ-

140 700 219 784 ηκον
242 692 387 764 εἶναι’
350 719 462 781 κυριος
485 693 630 782 ζητήσω,
660 689 766 760 ὁπότε
789 688 806 759 ό
830 690 979 770 πάππος
1000 689 1217 779 ἐτελεύτησεν,

141 798 283 867 εἰσιέναι
303 801 365 882 μέν
386 822 428 881 με
449 798 507 863 καὶ
527 795 733 882 θεραπεύειν
751 794 875 862 ἐκεῖνον
896 796 954 861 καὶ
975 793 1218 881 συνδιατρίβειν

142 892 201 968 σύκ
223 898 359 981 ἐκώλυε,
389 896 508 976 δεδιώς
529 896 574 984 μὴ
597 899 796 983 τραχυνθεὶς
818 896 867 973 εἰς
893 889 993 983 ὀργὴν
1015 901 1218 983 κατασταίην

140 999 229 1090 πρὸς
252 994 363 1083 αότόυ,
387 998 613 1087 παρεσκεύαζε
635 998 671 1065 δέ
692 1024 752 1084 μοι
765 996 825 1065 τὸν
843 991 1143 1086 ἀμφισβητήσοντα
1163 1000 1218 1083 τῆς

141 1097 275 1185 ούσίας,
304 1107 406 1189 μέρος
428 1100 617 1169 πολλοστὸν
639 1101 746 1188 τούτῳ
767 1098 967 1185 μεταδιδούς
991 1099 1022 1166 εἰ
1042 1097 1218 1187 κατορθώ-

142 1227 239 1286 σειεν,
269 1201 359 1290 αύτῷ
389 1204 425 1270 δέ
453 1207 559 1271 ταῦτα
587 1203 699 1270 πάντα
720 1207 922 1290 περιποιεῖν,
951 1205 1007 1269 καὶ
1035 1195 1113 1268 οὖδέ
1136 1199 1217 1289 πρὸς

142 1311 260 1375 τοῦτον
282 1303 454 1393 ὁμολογῶν
476 1305 536 1373 τόν
557 1306 705 1374 πάππον
728 1306 882 1394 χρήματα
903 1307 1111 1386 καταλιπεῖν,
1142 1297 1214 1370 ἀλλ’

90 1423 128 1480 38
143 1406 230 1477 εἶναι
253 1409 390 1497 φάσκων
407 1405 511 1477 οὐδέν.
555 1412 612 1476 καὶ
635 1407 751 1496 ἐπειδὴ
767 1402 907 1491 τάχιστα
929 1406 1149 1497 ἐτελεύτησεν,
1173 1405 1218 1474 ἐν·

140 1511 250 1602 τάφια
266 1511 676 1599 προπαρασκευασάμενος
697 1510 735 1578 τό
751 1511 812 1595 μέν
829 1504 984 1599 άργόριον
1000 1509 1058 1595 ἐμὲ
1076 1507 1218 1576 ἐκέλευεν

142 1614 293 1702 ἐνεγκεῖν,
309 1611 355 1692 ὥς
369 1618 436 1681 των
450 1614 627 1702 μαρτύρων
638 1608 802 1702 ἠκούσατε
812 1612 1104 1702 μαρτυρησάντων,
1122 1605 1219 1678 άπει-

143 1719 285 1806 ληφέναι
307 1716 344 1783 δέ
366 1715 461 1804 παρὰ
483 1717 583 1783 τοῦδε
603 1728 854 1804 προσεποιεῖτο,
878 1708 964 1802 παρ’
983 1712 1065 1798 ἐμοῦ
1088 1714 1125 1781 δέ
1147 1707 1219 1780 ούκ-

144 1822 195 1884 έτι
215 1813 339 1904 ἤθελεν
355 1811 551 1902 ἀπολαβεῖν,
574 1813 829 1904 ὖποπαρωθῶν,
852 1808 947 1894 όπως
963 1814 1086 1894 ἐκεῖνος
1108 1815 1217 1903 δοκοίη

143 1918 293 1987 θάπτειν
317 1913 402 1986 άλλὰ
424 1920 469 2006 μὴ
494 1917 557 2005 ἐγώ
580 1918 639 1985 τὸν
661 1918 819 1986 πάππον.
872 1912 1165 2006 άμφισβητοῦντος
1186 1917 1219 1984 δέ

142 2021 261 2088 τούτου
284 2024 420 2108 καὶτῆς
442 2021 550 2098 οἰκίας
577 2020 699 2110 ταύτης
720 2024 775 2088 καὶ
798 2024 865 2087 τῶν
897 2015 1006 2086 ἄλλων
1029 2013 1077 2086 ὧν
1100 2018 1219 2098 ἐκεῖνος

142 2125 311 2204 κατέλιπε,
334 2125 390 2189 καὶ
406 2116 501 2189 οὐδὲν
516 2121 705 2210 φάσκοντος
718 2125 1007 2204 καταλελοιπέναι,
1029 2122 1219 2207 βιάσασθαι

142 2225 202 2308 μὲν
223 2221 361 2310 καὶτὸν
382 2222 531 2290 πάππον
552 2228 753 2313 μεταφέρειν
775 2223 809 2291 έν
831 2239 906 2301 ταῖς
931 2222 1105 2302 τοιαύταις
1128 2218 1219 2291 άκαι-

143 2331 232 2413 ρίαις
259 2317 318 2391 οὗκ
344 2319 437 2413 ηίμην
466 2325 546 2410 δεῖν,
575 2352 642 2393 των
670 2328 780 2413 φίλων
808 2351 867 2410 μοι
888 2319 995 2392 ταύτὰ
1023 2326 1219 2413 γιγνωσκόν·

142 2451 219 2508 των,
250 2433 391 2495 συνεποί
393 2453 449 2495 ουν
479 2428 516 2495 δὲ
543 2431 601 2495 καὶ
629 2433 858 2510 συνέθαπτον,
889 2421 979 2508 ἐξ
950 2453 998 2494 ων
1027 2424 1044 2494 ό
1076 2426 1219 2506 πάππος

91 2540 129 2596 8⁰
144 2531 304 2596 κατέλιπε
321 2556 398 2598 των
428 2523 656 2614 άναλωμάτων
683 2534 893 2617 γιγνομένων.
943 2532 999 2596 καί
1028 2533 1135 2597 ταῦτα
1162 2529 1219 2615 μέν

144 2623 250 2709 ούτως
273 2624 499 2718 άναγκασθείς
521 2631 653 2719 έπραξα
673 2635 792 2699 τοῦτον
813 2631 872 2699 τὸν
893 2630 1039 2719 τρόπον·
1069 2625 1219 2711 ὅπως-δὲ

142 2735 245 2825 μηδέν
266 2761 331 2818 μου
353 2733 456 2821 ταύτῃ
479 2735 718 2815 πλεονεκτοῖεν,
748 2732 834 2822 παρ’
858 2731 935 2819 ὑμῖν
958 2732 1146 2821 φάσκοντες
1166 2727 1220 2801 ού-

144 2836 199 2904 δέν
220 2861 262 2920 με
284 2835 333 2914 εἰς
354 2835 413 2924 τὴν
435 2834 547 2924 ταφὴν
569 2829 782 2924 ἀνηλωκέναι,
805 2834 864 2903 τόν
887 2834 1043 2925 ἐξηγητὴν
1066 2835 1220 2925 ἐρόμενος

144 2936 269 3005 ἐκείνου
291 2937 507 3015 κελεύσαντος
530 2931 687 3025 άνήλωσα
709 2932 792 3026 παρ’
812 2937 956 3022 ἐμαυτοῦ
978 2940 1035 3004 καί
1055 2937 1100 3006 τά
1122 2937 1220 3006 ’ένατα

92 3088 96 3095 .
145 3036 318 3126 ἐπήνεγκα,
341 3034 388 3117 τός
411 3036 484 3104 οἷόν
505 3063 542 3105 τε
563 3039 724 3107 κάλλιστα
745 3038 1015 3128 παρασκευάσας,
1037 3039 1095 3106 ἵνα
1114 3033 1220 3106 αὐτῶν

144 3137 332 3225 ἐκκόψαιμι·
346 3138 469 3229 ταύτην
491 3138 551 3229 τὴν
574 3141 774 3230 ἱεροσυλίαν,
796 3143 852 3208 καί
874 3139 990 3229 ἵναμὴ
1014 3140 1144 3209 δοκοῖεν
1166 3133 1220 3208 ού-

143 3266 198 3308 τοι
226 3240 287 3324 μὲν
316 3234 520 3330 άνηλωκέναι
549 3243 676 3325 πάντα,
706 3242 769 3330 ἐγώ
800 3243 836 3310 δέ
859 3235 964 3326 ούδέν,
994 3235 1070 3308 ἀλλ’
1097 3239 1220 3327 ὁμοίως

144 3335 245 3430 κάγώ.

92 3457 132 3513 4⁰
230 3450 299 3515 Καὶ
321 3445 364 3514 τὰ
379 3447 439 3530 μὲν
452 3452 658 3534 γεγενημένα,
682 3449 739 3512 καὶ
760 3440 808 3512 δι’
827 3443 848 3511 ἃ
863 3445 906 3512 τὰ
920 3445 1103 3533 πράγματα
1117 3450 1221 3514 ταῦτα

230 3635 247 3684 6
263 3627 447 3696 τελευτήσειεν
464 3630 579 3696 Scaliger
596 3659 630 3670 -·
651 3635 681 3685 10
698 3633 781 3684 τοῦτο
798 3647 845 3700 pr„
864 3647 927 3685 corr.
947 3637 970 3685 1.
1027 3628 1076 3687 88.
1091 3636 1122 3686 1⁰
1133 3627 1218 3685 ταύτὰ

142 3712 359 3786 γιγνωσκόντων
381 3714 442 3767 Βιλε
468 3730 518 3768 sec.
543 3715 574 3767 de
597 3730 670 3770 meo·
696 3716 825 3769 ταῦτα.
834 3712 1000 3770 ωωσκόταν
1021 3731 1069 3785 με,
1092 3731 1171 3788 σνγγι
1193 3716 1217 3767 in

142 3815 194 3853 ns.
216 3798 280 3854 εστι.
301 3804 323 3865 1,
340 3814 485 3865 νεσρεεο
509 3799 567 3853 add.
585 3801 652 3851 2-
672 3803 700 3852 11
721 3797 957 3869 σννθόπτανρτ,
974 3803 1076 3855 corrui
1140 3799 1218 3856 824

143 3883 264 3952 Ηιηνοοτ.
276 3900 303 3938 v.
321 3881 460 3954 ίξηγητὴεε
476 3881 522 3938 ’.Ισ
540 3886 622 3952 ίντῷ
635 3885 764 3956 περὶτοῦ
783 3888 909 3956 Κίρωνοε
920 3889 962 3948 (ex
974 3900 1023 3941 em
1036 3885 1143 3952 Valesii)
1160 3881 1219 3950 κλη

147 3985 246 4040 ρον-
212 3970 368 4023 -5xai
360 3984 429 4022 mv.
448 3969 505 4022 add
524 3972 548 4022 2.
