2626 4476
143 244 184 305 78
626 247 734 301 {mor
1151 265 1224 312 οὓς,

91 425 129 481 5⁰
142 431 185 483 τα
206 415 265 484 τδν
290 414 408 502 χρόνον
431 416 573 503 αἰσχρῶς
593 419 732 501 βιούσα,
760 415 800 504 ἣν
823 413 899 484 ούτε
926 419 1116 505 παρελθεῖν
1140 417 1222 485 ἐ’ίσω

142 521 202 584 τού
225 518 315 606 ίερού
336 518 406 586 ἔδει
428 513 497 587 οὔτ’
524 518 607 586 ἰδεῖν
625 521 696 602 ,ταῖν
718 516 812 585 ένδον
828 512 932 601 οὐδέν,
956 515 1058 609 ούσης
1078 523 1222 608 τῆςθυ-

144 626 220 696 σίας
239 619 378 698 ταύταις
399 634 474 697 ταῖς
494 625 595 698 θεαῖς
617 618 797 708 ἐτόλμησεν
819 626 1025 707 συμπέμψαι
1043 619 1107 710 τὴν
1130 645 1222 706 νεομ-

143 719 211 809 πην
232 724 288 788 καί
311 721 479 790 εἰσελθεῖν
501 720 550 799 εἰς
570 720 608 789 τδ
634 720 794 810 ἱερὸνκαὶ
817 721 901 790 ἰδεῖν
923 717 1018 789 δυύκ
1034 721 1110 802 ἐξὸν
1126 717 1220 811 αὐτῇ.

142 819 188 901 ὥς
211 823 247 889 δέ
269 816 383 912 ἀληθῆ
405 825 499 910 λέγω,
522 821 557 889 ἐκ
570 827 637 890 τών
651 823 883 912 ψηφισμάτων
905 823 1079 910 γνώσεσθε
1096 823 1119 892 QQ
1135 823 1221 914 έψη-

142 931 267 1014 φίσατο
289 921 310 1014 ἡ
331 924 434 1014 βουλὴ
458 927 539 1011 περὶ
561 919 671 1013 αὐτῆς.
715 925 816 1011 Λαβὲ
837 923 875 992 τὸ
901 925 1074 1014 ψήφισμα.

580 1046 779 1098 ΨΗΦΙΣΜΑ.

90 1145 126 1201 51
223 1120 468 1211 Ἐνθυμεῖσθαι
488 1133 600 1194 τοίνυν
620 1127 691 1215 χρή,
713 1114 741 1193 ὦ
764 1123 891 1217 ἄνδρες,
920 1128 1066 1215 ντύτερον
1088 1131 1143 1198 δεῖ
1161 1128 1220 1198 τδν

142 1228 177 1295 ἐκ
198 1227 320 1315 ταύτης
340 1232 408 1295 τῶν
425 1222 674 1316 Φιλοκτήμονος
689 1226 777 1297 είναι
797 1229 1001 1318 κληρονόμον
1016 1233 1073 1298 καλ
1096 1229 1158 1299 ἐπὶ
1177 1230 1219 1298 τὰ

141 1329 296 1419 μνήματα
325 1329 412 1398 ἰέναι
440 1328 599 1413 χεόμενον
631 1333 687 1397 καὶ
717 1330 925 1418 έναγιυῦντα,
954 1323 977 1419 ἢ
1004 1330 1064 1399 τὸν
1093 1330 1131 1399 ἐκ
1162 1336 1220 1421 τῆς

142 1426 290 1554 ἀδελφῆς
311 1435 439 1512 τοῦτον,
469 1431 508 1498 δν
536 1431 610 1499 υίδν
633 1427 733 1512 αύτδς
755 1431 956 1520 ἐποιήσατο·
988 1435 1045 1500 καὶ
1072 1433 1219 1551 πότερρν

143 1534 250 1602 δεῖ
215 1560 274 1622 την
296 1529 460 1623 ἀδελφὴν
470 1532 775 1655 Φιλοκτήμονος,“
755 1561 775 1622 η
798 1539 933 1624 Χαιρέᾳ
955 1557 1141 1623 συνῳκησε,
1163 1539 1218 1603 νῦν

144 1637 179 1702 QQ
197 1637 339 1754 χηρεύει,
363 1635 422 1702 ἐπὶ
442 1635 574 1713 τούτοις
595 1641 756 1722 γενέσθαι
776 1662 795 1723 η
782 1627 1009 1703 QquQan⁰
989 1662 1058 1759 ρτηι
1079 1637 1217 1721 βούλον-

142 1764 199 1805 ται
220 1765 240 1826 η
225 1728 321 1804 ίαν
342 1736 611 1825 καταγηράσκειν,
633 1764 653 1824 η
639 1728 813 1826 γνησίαν
829 1724 932 1804 ούσαν
947 1731 1007 1826 ύφ
1025 1734 1120 1822 ύμῶν
1144 1737 1218 1806 ἐντι·

91 1858 129 1914 52
143 1839 364 1906 δικασθεῖσαν
387 1852 549 1908 συνοικεῖν
571 1830 639 1924 ὅτῳ
668 1827 709 1904 άν
730 1833 808 1922 ύμῖν
830 1839 920 1926 δοκῇ.
969 1865 990 1928 η
1015 1836 1079 1927 γάρ
1102 1839 1218 1929 ψῆφός

143 1939 215 2008 ἐστι
236 1943 315 2029 νιερὶ
337 1939 464 2007 τούτων
485 1946 566 2007 νυνί.
615 1941 710 2005 τουτὶ
731 1938 793 2027 γὰρ
817 1933 930 2018 αύτοῑς
950 1967 970 2030 η
959 1936 1217 2029 (διαμαρτυρία

143 2043 330 2124 δύναται,”
315 2070 346 2109 ιν
349 2035 575 2119 δκίνδυνος
596 2041 711 2107 τοῖσδε
731 2042 833 2130 μὲνη
813 2028 833 2105 Q
856 2045 936 2129 περὶ
957 2037 1094 2124 τούτων,
1126 2036 1217 2110 ούτοι

143 2145 180 2211 δέ
207 2134 268 2210 κάν
297 2147 353 2210 νύν
381 2143 591 2231 διαμάρτωσι
617 2146 678 2209 τού
705 2136 847 2229 άγιδνσς,
878 2143 1023 2232 δόξηδὲ
1052 2139 1070 2211 Q
1082 2146 1217 2266 κληρος

144 2245 188 2312 Qu
190 2239 294 2322 ίδικος
317 2241 413 2325 εἶναι,
436 2238 723 2332 άντιγραψάμενοι
746 2246 798 2323 δίς
819 2247 897 2331 περὶ
919 2248 988 2311 τῶν
1005 2238 1115 2313 αὐτῶν
1132 2240 1216 2334 ἄγω-

144 2346 308 2427 νίζωνται.
362 2351 473 2413 καίτοι
500 2346 531 2412 εί
558 2347 618 2430 μὲν
647 2346 782 2414 διέθετο
814 2345 1045 2435 Φιλοκτημων
1065 2375 1111 2437 μη
1147 2347 1217 2428 έξδν

145 2440 249 2535 αύτηι,
278 2441 370 2514 τοῦτ’
397 2441 476 2514 αύτδ
507 2446 601 2537 ἐχρῆν
631 2448 876 2535 διαμαρτυρεῖν,
905 2473 952 2526 ως
980 2442 1019 2515 ού
1046 2448 1161 2570 κύριος
1179 2473 1217 2537 ην

143 2550 224 2618 υίδν
221 2548 327 2617 τύνδε
338 2548 573 2672 ρτοιησασθαι·
596 2550 626 2617 εἰ
650 2544 683 2616 δ
701 2549 831 2638 έξηνμέ
833 2576 850 2616 ν
866 2545 1109 2632 διαθέσθαι,’
1090 2572 1217 2640 αμφισ·

142 2653 301 2742 βητεῖδὲ
323 2647 369 2730 ὡς
392 2645 430 2719 σύ
454 2650 569 2728 δύντος
592 2645 668 2718 oQQQ
690 2651 904 2737 διαθεμένου,
926 2678 971 2739 μη
994 2653 1217 2742 διαμαρτυρίᾳ

92 2773 130 2829 58
143 2754 281 2822 κωλύειν
297 2747 372 2832 ἀλλ’
392 2747 568 2840 εὐθυδικίᾳ
583 2752 733 2820 εἰσιέναι.
766 2757 823 2821 νῦν
845 2755 882 2820 QQ
896 2757 971 2831 πῶς
993 2749 1034 2820 ἅν
1047 2778 1101 2832 τις
1122 2776 1217 2840 κτερι-

145 2861 349 2945 φανέστερον
370 2852 576 2941 ἐξελεγχθείη
599 2853 641 2919 τὰ
661 2855 771 2944 ψευδῆ
792 2854 1050 2945 μεμαρτυρηκώς
1071 2845 1093 2944 ἢ
1116 2855 1151 2922 εί
1169 2877 1217 2932 τις

145 2951 245 3025 αύτδν
273 2955 382 3043 ἔροιτο
408 2948 648 3081 ,Ἀνδρύκλεις
678 2980 754 3035 πως
782 2953 888 3024 οίσθα
919 2949 1186 3045 Φιλοκτήμων“
1166 2981 1218 3024 στι

145 3054 220 3127 ούτε
243 3051 441 3126 διέθετο”
402 3081 477 3123 ουτε
491 3054 564 3123 υἱὸν
579 3057 862 3146 Χαιρέστρατον’
848 3059 1113 3146 ενιοιήσατσ,·“ο
1096 3057 1148 3137 οίς
1160 3057 1217 3142 μὲν

144 3161 207 3248 γάρ
228 3184 281 3237 τις
295 3162 563 3247 παρεγένετο,ί
528 3158 718 3241 dQ‚nat0v'
693 3186 720 3225 ω
750 3155 876 3243 ἄνδρες,
899 3173 1163 3248 μαρτυρεῖν,υς
1110 3158 1163 3238 υςί
1184 3157 1217 3224 δέ

229 3379 275 3434 50.
295 3383 305 3432 1
326 3376 388 3432 οὔτε
406 3379 465 3433 Bk:
487 3375 550 3432 οὐδὲ
565 3408 600 3418 -
617 3376 792 3432 π.οσ.λθεῖν
808 3395 855 3447 με,
873 3396 936 3432 corr.
958 3383 969 3432 l
988 3409 1024 3420 -
1041 3383 1057 3433 2
1074 3374 1137 3432 οὔτ’
1157 3379 1215 3432 Bk:

144 3462 205 3519 οὐδ’
225 3494 259 3504 -
277 3470 293 3517 4
311 3460 379 3516 ἰδεῖν
395 3457 414 3515 Q
436 3464 509 3516 initio
532 3467 559 3517 in
577 3465 668 3517 lacuna
685 3466 817 3529 omisisse,
842 3471 934 3533 postea
952 3464 1082 3518 addidisse
1099 3464 1151 3518 vid.
1170 3479 1215 3531 pn:

144 3544 229 3604 Qdel.
248 3549 318 3614 Nhr.,
341 3547 404 3613 ἐξῆν
427 3565 473 3616 pro
496 3546 559 3611 ἐξὸν
581 3550 604 3600 ci
628 3548 697 3601 Htw.
719 3578 753 3586 —
776 3553 792 3602 5
810 3546 1010 3618 ψηφισμάτων.
1034 3566 1072 3617 pr.
1142 3549 1216 3604 513

145 3635 298 3706 ίναγσύντα
315 3648 362 3701 pr„
381 3649 444 3686 corr.
465 3636 476 3684 1
497 3663 530 3672 -
548 3636 564 3686 4
582 3629 717 3705 πρότερον
734 3649 781 3702 με,
799 3649 862 3686 corr.
882 3638 894 3687 1
914 3662 948 3671 -
968 3638 984 3687 5
1003 3628 1046 3685 δεῖ
1061 3649 1126 3689 τοτε.
1144 3635 1168 3697 2,
1185 3626 1217 3695 δὴ

144 3735 234 3786 pr.—
252 3736 303 3783 την
321 3720 355 3770 Φ.
374 3717 485 3771 Βία.-
502 3721 596 3772 dante
614 3709 670 3767 ύτω
689 3721 741 3768 tres
758 3717 808 3770 litt.
827 3733 944 3771 eras.-
909 3711 1145 3771 -ῖάνίκδυτον
1160 3719 1217 3785 post

145 3803 192 3856 ἐᾶν
209 3803 267 3857 εδδ.
286 3802 364 3859 Schb.
414 3801 459 3858 52.
478 3806 502 3855 Q.
520 3796 737 3871 δαγωυίζονται
748 3817 796 3868 pr
813 3804 958 3855 υοττῖ-
975 3800 1073 3868 θίξῆν
1088 3786 1216 3855 δεύσειε..

144 3905 277 3968 ῖξιστι-
290 3871 467 3973 SQJ‘QIQQQ’*
452 3885 629 3956 ύντδσιύσου
620 3897 754 3956 ’δύντυσ
804 3901 849 3957 58.
863 3906 878 3955 2
896 3899 1096 3974 έξελεγχείη-
1112 3899 1217 3958 34³⁴]ae-

144 3987 266 4058 κτήμονα
283 3989 352 4056 Dbr„
370 3989 399 4043 ft.
418 3993 514 4053 transp.
532 3980 577 4038 ὅτι
594 3983 657 4039 οὔτε
674 3983 746 4040 διέθ.
766 3983 827 4040 Φιλ.
