2626 4476
605 244 608 249 ·
628 224 735 278 ΙΣΑΙΟΥ

653 444 719 512 VII.

164 582 168 665 Ι
194 578 330 661 ΠΕΡΙ
359 577 468 660 ΤΟΥ
496 576 913 661 ΑΠΟΛΛΟΔΩΡΟΥ
940 576 1194 659 ΚΛΗΡΟΥ.

570 853 799 907 ΥΠΟΘΕΣΙΣ.

250 949 369 1006 Εύπολις
384 957 431 1004 καὶ
450 949 603 1023 Θράσυλλος
620 956 665 1004 καὶ
683 949 809 1017 Μνήσαν
820 945 931 1019 ἀδελφοὶ
948 949 1085 1022 γεγόνασι.
1117 949 1222 1004 τούτων

181 1033 197 1091 5
214 1040 265 1104 μέν
277 1032 402 1103 Μνήσαν
413 1033 496 1089 άπαις
514 1034 694 1102 ἐτελεύτησεν,
714 1031 729 1089 5
749 1031 780 1088 δέ
792 1029 945 1105 θράσνλλος
962 1030 1050 1087 παῖδα
1062 1032 1222 1089 καταλιπών

179 1117 400 1192 Ἀπολλόδωρον·
422 1118 505 1188 μάνος
527 1117 555 1173 δ’
576 1119 695 1176 Εὔπολις
712 1118 907 1188 καταλειφθεὶς
927 1115 1014 1171 πολλὰ
1032 1117 1084 1173 τὸν
1100 1115 1222 1173 Ἀπολλύ·

183 1203 275 1277 δωρον
293 1201 428 1271 ἠδίκησεν.
456 1199 528 1259 ὅθεν
542 1203 711 1278 Ἀρχέδαμος,
729 1202 842 1259 πάππος
858 1203 907 1257 τού
926 1200 1050 1274 λέγοντος
1067 1200 1120 1257 τὸν
1137 1201 1222 1275 λύγον,

114 1297 130 1346 5
183 1291 217 1362 τῇ
236 1291 284 1342 τού
301 1285 507 1362 Ἀπολλοδώρου
523 1295 606 1362 μητρὶ
624 1290 758 1343 συνοικῶν
775 1286 846 1358 μετά
867 1285 917 1341 τὸν
937 1285 1095 1357 Θρασύλλου
1114 1290 1162 1342 τού
1180 1285 1223 1343 άν-

184 1370 247 1442 δρδς
259 1370 340 1440 αύτής
353 1370 489 1440 θάνατον,
508 1379 552 1427 καὶ
564 1375 615 1429 τὸν
624 1370 831 1445 Ἀπολλόδωρον
844 1367 880 1425 ώς
891 1365 1016 1444 ύρφανύν
1027 1369 1123 1439 ἐλεών,
1140 1371 1221 1427 πολλοὶ

183 1457 235 1512 τὸν
247 1456 370 1513 Εὔπολιν
387 1454 511 1533 ἀπῄτησα
523 1459 648 1530 χρήματα
665 1456 734 1529 ύπέρ
748 1445 788 1511 ών
799 1451 1006 1526 Ἀπολλόδωρον
1021 1452 1141 1523 ἠδίκησε.
1167 1452 1223 1510 τού-

175 1563 243 1596 ·τοιν
264 1548 433 1612 μεμνημένος
448 1540 650 1615 Ἀπολλόδωρος
672 1540 814 1615 εἰσήγαγεν
836 1542 872 1594 εἰς
893 1537 956 1593 τούς
978 1537 1117 1612 φράτορας
1141 1538 1223 1596 θετὸν

156 1652 162 1665 ‘
184 1624 245 1682 υἱδν
263 1627 352 1694 εἀυτῷ
372 1621 530 1698 Θράσυλλον
547 1629 654 1693 τοῦτον,
676 1625 735 1679 υἱὸν
752 1623 821 1680 ὄντα
843 1626 890 1692 τῆς
907 1646 936 1678 τε
959 1619 1128 1696 ὁμομητρίας
1145 1620 1223 1680 αύτού

186 1707 303 1782 ἀδελφῆς
319 1715 364 1763 καὶ
381 1705 549 1783 Ἀρχεδάμου.
589 1712 638 1765 τοῦ
657 1706 687 1762 δέ
706 1705 863 1781 θρασύλλου
885 1707 936 1776 η’δη
960 1713 1011 1777 μέν
1029 1711 1066 1763 εἰς
1087 1708 1152 1764 τοὺς
1169 1731 1223 1784 γον·

184 1792 267 1863 νήτας
293 1799 338 1847 καὶ
360 1793 496 1867 φράτορας
517 1799 745 1868 ἐγγεγραμμένου,
771 1791 849 1849 ούπαι
876 1791 893 1848 δ
898 1789 905 1810 ‘
932 1796 968 1847 εἰς
990 1792 1024 1848 τὸ
1057 1793 1224 1898 ληξιαργικδν

185 1883 378 1953 γραμματεῖον,
401 1877 574 1945 ἐπλούτησαν
595 1874 805 1950 Ἀπολλάδαιρος
846 1883 891 1931 καὶ
914 1876 982 1946 μετὰ
1005 1879 1055 1947 τήν
1080 1876 1166 1933 αύτού
1187 1899 1222 1934 τε·

186 1963 281 2031 λενεὴν
303 1967 484 2063 ἐγγέγραπται
505 1966 557 2031 μὲν
579 1959 593 2015 5
621 1961 773 2036 θράσυλλος
794 1964 830 2016 εἰς
853 1963 885 2017 τδ
909 1961 1083 2034 ληξιαρχικὸν
1103 1985 1223 2037 γραμμα-

185 2054 267 2114 τεῖον,
286 2034 448 2101 ούδὲνδ’
433 2068 517 2115 ηττον
535 2044 690 2101 Εὐπόλιδος
707 2047 840 2118 θυγάτηρ,
858 2048 907 2101 τού
925 2048 1004 2101 θείου
1013 2044 1223 2123 Ἀπολλοδώρον,

103 2140 133 2189 15
186 2130 354 2204 ἀμφισβητεῖ
374 2131 441 2203 πρὸς
460 2129 624 2203 Θράσυλλον,
649 2130 765 2204 λέγουσα
787 2128 855 2231 μηδ’
875 2127 944 2185 ὅλως
967 2132 1207 2206 ἐγγεγράφθαι
1180 2155 1224 2188 τον

188 2214 387 2288 θράσυλλον’
362 2233 399 2268 εις
416 2213 479 2268 τούς
497 2211 633 2289 φράτορας
650 2222 696 2270 καὶ
712 2215 844 2315 γενγήτας
860 2237 929 2270 κατα
941 2214 1056 2289 γνώμην
1074 2238 1124 2272 του
1109 2215 1224 2274 Ἀπολ

188 2298 323 2374 λοδώρου,
346 2296 414 2354 ἀλλά
432 2298 628 2370 πεπλασμένην
645 2302 715 2355 εἶναι
738 2301 789 2369 τήν
813 2307 932 2367 ποίησιν.
973 2297 1067 2354 Kaz‘
1050 2323 1068 2368 η
1091 2307 1146 2372 μέν
1165 2300 1224 2358 ύπύ·

187 2385 265 2438 δεσις
283 2379 365 2451 αύτη,
388 2382 406 2448 εἰ
432 2382 463 2438 δέ
480 2384 573 2439 στάσις
590 2382 752 2455 στοχασμύς·
777 2380 821 2437 διὸ
838 2382 927 2438 καλῶς
944 2383 1016 2438 πάνυ
1034 2390 1081 2438 καὶ
1101 2389 1224 2454 τεχνικῶς

187 2469 237 2524 τὸν
262 2465 342 2544 λόγον
369 2470 522 2538 οἰκονομών
548 2469 599 2538 τὴν
625 2471 732 2542 ἔχθραν
758 2465 924 2540 διεξέρχεται
949 2467 1001 2537 τὴν
1022 2465 1225 2544 Ἀπολλοδώρου

100 2552 135 2602 20
188 2553 256 2628 πρὸς
267 2553 400 2620 Εὔπολιν,
417 2550 485 2627 ὅπερ
501 2559 572 2627 μέγα
584 2559 696 2622 σημεῖον
711 2559 835 2625 γίγνεται
847 2555 895 2606 τού
912 2552 951 2621 μή
969 2552 1064 2607 θέλειν
1077 2550 1225 2623 αύτὴνύπδ

185 2642 233 2707 τῆς
250 2635 403 2695 Εύπύλιδοε
421 2638 560 2711 θυγατρὸς
576 2638 825 2712 κληρονομηθῆναι.

231 2754 350 2846 Ὤιμην
372 2763 442 2841 μέν,
464 2745 490 2823 ὦ
511 2753 637 2846 ἀνδρες,
659 2757 840 2846 προσήκειν
855 2752 893 2825 ού
915 2757 975 2838 τὰς
992 2758 1154 2839 τοιαύτας
1168 2753 1225 2844 ἀμ·

154 2866 399 2950 φισβητεῖσθαι
420 2859 590 2947 ποιήσεις,
621 2859 723 2939 εἴτις
747 2854 846 2938 αὐτὸς
876 2861 939 2941 ζεῖν
960 2863 1016 2928 καὶ
1040 2848 1075 2928 εύ
1098 2865 1226 2951 φρονοῦν

155 2961 339 3049 ἐποιήσατο
368 2965 425 3028 καὶ
457 2960 514 3028 ἐπὶ
543 2960 585 3028 τὰ
616 2961 687 3049 ἱερὰ
717 2955 848 3049 ἀγαγών
878 2962 926 3040 εἰς
960 2962 1038 3042 τοὺς
1068 2978 1227 3052 συγγενεῖς

155 3058 311 3142 ἀπέδειξε
325 3066 381 3131 καὶ
404 3063 452 3141 εἰς
473 3062 515 3130 τά
530 3062 625 3131 κοινὰ
646 3077 856 3151 γραμματεῖα
879 3063 1070 3152 ἐνέγραψεν,
1095 3058 1223 3133 ἀπανθ’

154 3160 219 3234 ὅσα
241 3169 407 3256 προσῆκεν
423 3159 523 3245 αὐτὸς
538 3165 693 3255 ποιήσας,
717 3159 792 3233 ἀλλ’
812 3167 845 3233 εἴ
857 3191 909 3245 τις
922 3165 1133 3256 τελευτήσειν
1154 3169 1227 3253 μέλ-

156 3271 223 3337 λων
252 3268 396 3351 διέθετο,
426 3268 459 3334 εἲ
478 3294 511 3335 τι
534 3267 662 3351 πάθοι,
685 3266 745 3357 τήν
768 3260 885 3335 ούσίαν
909 3267 1026 3355 ἑτέρῳ,
1053 3273 1111 3339 καὶ
1132 3256 1223 3337 ταῦτ’

114 3371 192 3444 25
213 3371 386 3461 γράμμασι
407 3375 568 3439 κατέθετο
596 3365 691 3459 παρά
717 3393 788 3438 εισι
817 3369 1058 3459 σημηνάμενος.
1110 3371 1228 3442 ἐκεῖνον

241 3541 285 3593 vll
304 3542 342 3593 tit.
354 3545 416 3612 περὶ
427 3540 502 3594 Rsk.:
515 3535 584 3612 ύπέρ
596 3571 629 3580 -
644 3541 763 3608 Harpocr.
776 3557 800 3594 v.
812 3540 955 3609 γεννήτας·
971 3534 1016 3592 Ἰσ.
1029 3537 1046 3593 δ
1052 3535 1058 3556 '
1074 3543 1106 3594 ἐν
1117 3542 1161 3610 τῷ
1171 3543 1228 3611 περὶ

156 3627 205 3679 τού
221 3621 424 3696 Ἀπολλοδώρου
442 3623 539 3698 κλήρου
556 3623 619 3679 τούς
640 3628 774 3696 συγγενεῖς
790 3621 921 3694 γεννήτας
940 3619 1101 3693 ώνύμασεν,·
1123 3626 1189 3678 idem
1207 3639 1229 3675 v.

155 3709 251 3764 κοινὸν
267 3714 464 3781 γραμματεῖον·
486 3705 531 3762 Ἰσ.
550 3712 580 3763 έν
597 3730 622 3764 τ.
641 3728 670 3762 π.
687 3727 712 3761 τ.
728 3704 787 3761 Ἀπ.
807 3705 846 3763 κλ.
883 3709 921 3763 01.
939 3709 971 3762 ad
989 3709 1006 3776 ξ
1024 3712 1065 3762 39.
1136 3711 1197 3778 hyp.
1214 3709 1228 3759 2

157 3788 305 3863 ἐράσιλλος
321 3810 367 3862 pn,
386 3813 449 3849 corr.
464 3799 492 3857 1;
510 3796 572 3848 item
585 3810 644 3847 vex
663 3815 673 3846 ι
691 3810 755 3847 corr.
774 3809 798 3844 v.
812 3796 827 3846 5
848 3799 921 3860 (corr.
935 3795 969 3859 2),
982 3797 1006 3860 9,
1025 3797 1065 3858 111,
1080 3796 1121 3860 13,
1140 3794 1228 3860 15,16,

157 3879 192 3946 ςς
204 3881 267 3944 5‚1;
281 3883 343 3942 ε,τ;
360 3866 440 3946 ατ,
455 3882 525 3944 τηε
543 3909 577 3918 -
598 3881 627 3932 ις
645 3878 752 3947 ww
764 3876 840 3932 ask:
859 3875 1008 3948 ιαυοεραι
1053 3880 1106 3932 ιε
1124 3877 1153 3930 α
1172 3894 1228 3947 ιη·

155 3967 240 4034 γονεῖς
252 3967 297 4015 καὶ
309 3961 444 4035 φράτερας
456 3993 489 4002 -
502 3968 516 4016 5
530 3957 621 4015 αύτοῖς
629 3978 676 4029 pr„
694 3977 757 4015 corr.
769 3964 784 4016 2
796 3989 829 4002 -
843 3965 866 4015 6.
880 3967 894 4015 ’1
907 3957 987 4013 ταῦτ’
999 3962 1029 4014 ἐν
1042 3961 1117 4015 Rek:
1130 3958 1230 4024 ταύτην
