2626 4476
91 250 113 291 p.
126 240 159 282 Π.
376 222 452 277 ΠΕΡΙ
469 222 534 276 ΤΟΥ
550 222 736 277 λΣΤΥΦΙλΟΥ
754 223 891 279 ΚΔΗΡΟΥ.
1109 223 1173 283 113ι

89 391 188 480 χάριν
205 385 393 470 ἀποδίδως
417 390 474 476 ἐμὲ
496 393 556 477 μὲν
570 390 633 480 χάρ
648 390 721 460 υἱδν
736 387 819 460 δντα
836 392 1065 483 Θεοφράστου,
1090 408 1171 461 σαυὲ

91 497 152 561 τοῦ
181 493 217 560 δὲ
247 487 466 584 ἀδελφιδοῦν,Ι
496 486 695 581 ἀποστερεῖς
726 487 746 560 δ’
774 520 833 579 μοι
857 496 889 562 οί
919 493 1017 580 νόμοι
1040 493 1177 578 έδοσαν,Ι

91 588 294 684 Ἀστυφίλου
318 595 353 662 δέ
375 599 564 672 τεθνεῶτος
584 596 789 684 καταψεύδῃ,
811 599 866 664 καί
886 595 923 664 τὸ
941 594 1024 664 κατὰ
1048 596 1170 665 σαυτδν

92 702 193 786 μέρος
214 696 292 776 τοὺς
315 695 493 780 ἐχθίστους
514 702 679 786 καθίστης
701 701 767 764 τιῦν
790 697 914 766 ἐκείνου
937 699 1169 787 κληρονόμους.

92 803 148 869 καί
170 801 252 886 πρὶν
274 800 334 884 μὲν
358 802 524 889 ληχθῆναι
545 803 604 866 τοῦ
626 799 755 887 κλήρου,
780 786 806 865 ὦ
830 795 955 890 ἀνδρες,
979 787 1014 867 εά
1030 799 1128 879 είδιδς
1151 796 1222 868 524

89 896 250 989 Ἱεροκλῆς
272 895 324 969 δτι
349 895 460 968 οὐδενί
483 896 573 989 ἀλλην
595 909 740 988 χίχνοιτο
762 899 805 967 τὰ
820 894 1023 989 Ἀστυφίλοο
1045 893 1067 991 ῆ
1086 902 1170 987 ἐμοί,

93 1001 127 1069 έν
149 1007 244 1092 μέρει
267 1002 395 1090 ἑκάστῳ
418 1006 485 1070 τῶν
508 1002 631 1071 ἐκείνου
655 1003 855 1093 ἐπιτηδείων
878 1003 1021 1092 προσῄει
1047 1005 1172 1071 πωλιδν

92 1103 130 1172 τὸ
160 1108 300 1194 πρᾶγμα
328 1107 385 1172 καί
411 1104 489 1182 τοδς
520 1098 613 1172 οάδὲν
642 1105 873 1194 προσήκοντας
904 1111 1038 1173 πείθιον
1064 1099 1171 1195 ἀμφι·

93 1212 237 1296 σβητεῖν,
268 1208 372 1293 λέγων
401 1198 454 1273 δτι
476 1211 573 1284 θεῖος
601 1206 651 1296 ε’ίη
679 1201 872 1297 Άστυφίληι
894 1210 947 1275 καλ
982 1201 1171 1296 ἀποφαίνοι

93 1299 162 1394 (ἀν)
185 1308 351 1398 διαθήκας
375 1307 497 1376 ἐκεῖνον
519 1310 797 1392 καταλελοιπότα,
821 1311 854 1377 εἴ
872 1333 924 1388 τις
943 1303 1033 1396 αάτηῖ
1055 1309 1173 1376 κοινώ-

94 1429 210 1477 σαιτο·
239 1409 355 1499 ἐπειδή
388 1410 423 1476 δὲ
451 1409 538 1500 πρὸς
560 1412 699 1477 Κλέωνα
728 1411 999 1499 διωμολογήσατο
1029 1414 1084 1478 καὶ
1107 1415 1173 1479 τιδν

93 1515 154 1578 τοῦ
185 1504 332 1601 ἀδελφοῦ
363 1511 539 1599 ἐμερίσατο
547 1564 555 1593 ,
590 1515 658 1578 νυνὶ
688 1508 734 1590 ιδς
763 1507 875 1602 ἀληθῆ
905 1514 1007 1598 λέγων
1036 1507 1170 1591 ἀξιώσει

94 1612 330 1682 πιστεύεσθαι.
376 1615 466 1681 δοκεῖ
493 1614 530 1679 δέ
555 1638 611 1698 μοι
643 1604 702 1680 κάν
731 1607 856 1698 ὀμόσαι
879 1610 1036 1699 άσμενος,
1068 1615 1102 1681 εί
1121 1638 1172 1693 τις

95 1709 187 1801 αάτῴ
213 1708 310 1803 δρκον
337 1715 457 1804 διδοίη.
507 1717 563 1782 καὶ
594 1715 666 1800 ἐμοὶ
697 1716 757 1799 μὲν
780 1714 934 1804 συχχενής
963 1706 1009 1782 ιδν
1033 1710 1108 1784 οὐδὲ
1130 1715 1172 1782 τὰ
1187 1726 1224 1784 25

94 1816 256 1904 γενόμενα
279 1815 390 1887 ἐθέλει
413 1831 601 1906 μαρτυρεῖν,
632 1811 659 1904 ᾦ
684 1811 716 1884 δ’
744 1812 838 1885 οὐδὲν
861 1817 1037 1907 προσήκει,
1065 1817 1172 1903 ταύτην

95 1918 137 1986 τά
160 1919 270 2008 ψευδῆ
294 1919 518 2004 συλλαμβάνει
540 1922 594 1987 καὶ
623 1923 690 1986 τιῦν
714 1913 752 1986 οά
775 1922 996 2008 πραχθέντων
1020 1941 1186 2009 χραμμα-Τ

95 2034 185 2089 τεῖον
206 2015 278 2110 ήκει
301 2027 428 2111 φέρων·
452 2021 539 2089 πολὺ
561 2019 624 2110 χάρ
646 2028 921 2111 προυργιαίτερον
936 2017 1066 2108 ήχεῖται
1088 2017 1172 2088 είναι
1194 2102 1197 2107 ¹

96 2120 133 2190 τδ
157 2123 423 2213 χρηματίζεσθαι
453 2114 556 2213 ῆτήν
585 2122 666 2212 ἐμήν
689 2129 910 2210 συγγένειαν,
938 2118 983 2202 ὡς
1013 2122 1048 2189 δὲ
1071 2120 1173 2212 ἀπηχ-

95 2225 228 2310 χέλλετο
250 2224 393 2314 περιιών
416 2225 583 2314 διαθήκας
599 2219 798 2315 ἀποφανεῖν,
822 2224 855 2294 εί
874 2249 926 2303 τις
945 2218 1034 2312 αὐτῷ
1055 2223 1173 2294 κοινοί-

97 2346 204 2409 σαιτο,
230 2320 349 2405 αὐτοὺς
371 2323 449 2411 ὑμῖν
472 2327 523 2406 οἷς
546 2330 723 2417 προσῆλθε
743 2327 913 2417 μάρτυρας
934 2326 1133 2412 παρέξομαι.

523 2449 745 2502 ΜΑΡΤΥΡΕΣ.

186 2535 228 2597 Τί
251 2515 308 2596 οάν
327 2529 398 2620 χρή,
423 2516 448 2596 ιδ
474 2525 606 2619 ἀνδρες,
630 2526 736 2614 δνομα
758 2533 891 2596 θέσθαι
912 2528 1019 2615 τοάτηι
1044 2532 1091 2615 τηῖ
1116 2522 1174 2594 ἀν·
1189 2540 1227 2596 2ss

98 2629 161 2715 δρί,
185 2623 223 2708 ὅς
238 2655 290 2709 τις
312 2630 424 2699 έθέλει
440 2625 526 2699 οὕτω
550 2632 674 2721 ῥηιδίως
697 2629 753 2699 διὰ
769 2629 806 2697 τὸ
832 2629 951 2696 ἑαυτοῦ
972 2629 1086 2718 κέρδος
1107 2633 1173 2695 τιῦν

97 2731 293 2800 τεθνεώτων
328 2731 420 2812 τινδς
456 2734 753 2820 καταψεύδεσθαι,
786 2728 832 2812 ὡς
867 2732 902 2799 δὲ
936 2724 1011 2798 οὐδὲ
1044 2730 1173 2797 Κλέωνι

97 2847 221 2921 προῖκα
250 2834 311 2913 τὰς
340 2835 507 2922 διαθήκας
536 2830 738 2924 ἀποφαίνει,
770 2827 854 2900 ἀλλὰ
876 2831 1005 2918 μισθὸν
1028 2833 1173 2922 εἴληφεν,

99 2929 179 3025 αδτη
202 2932 321 3024 δμῖνή
352 2944 519 3026 μαρτυρία
543 2932 580 3004 οδ
610 2937 728 3027 μικρὸν
750 2935 925 3024 τεκμήριον
955 2934 1059 3002 ἔσται.
1103 2959 1175 3001 τοι·

100 3042 182 3107 αὕτα
205 3043 319 3124 μέντοι
342 3043 435 3127 κοινῆ
459 3033 515 3106 ἐπ’
535 3038 610 3124 ἐμοὶ
631 3038 857 3122 τεχνάζουσιν·
880 3033 1009 3125 ήχεῖται
1031 3034 1093 3122 χάρ
1117 3029 1175 3100 αὖ·

97 3143 163 3208 τιιῗν
187 3139 339 3230 ἑκάτερος
363 3134 489 3230 εδρημα
513 3141 597 3224 ἔχειν
619 3134 685 3208 δτι
711 3131 751 3206 ἀν
773 3144 839 3207 τιῦν
854 3133 1056 3227 Ἀστυφίλοσ
1080 3136 1174 3224 λάβῃ.

183 3376 228 3435 28.
247 3382 263 3432 4
281 3372 430 3433 ἀποδίδωει
449 3397 464 3430 ο
482 3393 545 3431 εστι.
560 3381 583 3444 2,
602 3377 631 3431 ft.
646 3393 699 3430 exe
717 3406 750 3415 —
768 3380 821 3431 45
840 3376 940 3430 σαυτοῦ
961 3390 1024 3428 corr.
1038 3376 1062 3440 2,
1081 3373 1176 3427 ,αυτοῦ

98 3480 136 3532 pr.
206 3462 251 3518 24.
271 3467 286 3516 2
304 3460 379 3516 ἄλλω
474 3466 579 3534 γίνοιτο
597 3492 630 3500 -
649 3466 663 3516 5
683 3456 837 3531 ἀποφαίνω
856 3476 902 3528 με,
921 3479 935 3512 ο
954 3460 1045 3512 iuras,
1065 3473 1128 3511 corr.
1148 3460 1175 3510 2:

96 3542 238 3618 ἀποφανοῖ
255 3549 311 3615 Bk„
329 3544 487 3618 ἀποφανσίη
499 3547 584 3613 Schb.‚
602 3541 637 3598 ἀν
656 3546 712 3598 add.
732 3546 763 3599 de
781 3561 839 3599 meo
908 3543 953 3600 λδ.
973 3549 987 3598 3
1007 3538 1091 3613 φισδῖ
1111 3539 1177 3609 λαμ-

98 3632 192 3700 βάνει.
211 3649 258 3701 με,
276 3650 341 3687 corr.
363 3639 373 3686 1
400 3662 434 3671 —
460 3635 703 3703 4πουργιαίτερον
721 3648 767 3699 ηπ,
793 3647 856 3684 corr.
876 3633 890 3682 2
911 3659 943 3668 -—
967 3624 1111 3700 δωρεάν
1129 3643 1176 3694 pr„

99 3733 162 3771 corr.
183 3721 194 3770 1
221 3747 251 3756 -
276 3713 455 3788 ἀποφαίνεινι
480 3733 529 3771 em.
548 3716 606 3769 Dbr.
630 3745 664 3756 -
687 3720 700 3767 ’ί
721 3712 817 3768 αίτοδε
839 3710 885 3783 ἀμ.
909 3712 948 3766 οίε
973 3733 1019 3784 πρ.
1041 3708 1177 3784 μάρτυρας

99 3801 185 3869 Sohb„
208 3798 303 3857 αὐτῶν
324 3799 368 3871 δμ,
388 3800 426 3855 οίε
443 3820 490 3872 πρ.
509 3805 657 3875 μαρτυρίας
676 3800 802 3868 Schoem.‚
828 3794 921 3853 αὐτῶν
946 3816 994 3850 του
1011 3791 1055 3865 δμ.
1075 3794 1113 3849 οἷς
1131 3815 1176 3867 πρ.

98 3892 252 3960 μαρτυρίαν
264 3888 377 3942 Vahlen:
396 3882 479 3941 αὐτοῦ
497 3882 562 3952 ὑμῖν
580 3883 616 3938 ωε
634 3882 776 3955 προσῆλθε
792 3888 942 3956 μαρτυρίας
959 3912 994 3924 -
1012 3885 1176 3952 παρέχομαι;

100 3986 147 4024 em.
164 3972 225 4027 Dbr.
243 4002 276 4012 -
296 3976 311 4028 8
331 3974 369 4026 ίίλ.
387 3976 548 4045 μαρτυρίαις
569 3987 616 4024 em.
637 3969 714 4024 Schb.
735 3963 738 3969 ’
784 3968 829 4024 26.
849 3974 860 4022 1
880 3971 962 4023 τοῦτο
982 3984 1027 4035 pr„
1047 3983 1109 4021 corr.
1129 3971 1153 4021 2.

149 4066 231 4108 Ῑτοοιιι.
446 4103 449 4109 .
968 4057 983 4109 8
