2626 4476
106 250 129 288 p.
143 237 176 278 5².
366 215 444 276 ΠΕΡΙ
460 216 525 270 ΤΟΥ
542 215 779 271 ΔΙΚΑΙΟΓΕΝΟΥΣ
796 216 934 272 ΚΔΗΡΟΥ.
1144 213 1185 274 57

106 396 164 478 κίοι
178 391 220 475 τῇ
235 385 269 454 έν
286 382 391 454 ἀστει.
424 388 482 453 καὶ
504 384 683 470 λαμβάνων
697 390 872 470 μίσθωσιν
887 378 1089 474 ἀγδοήκοντα
1101 390 1188 471 μνᾶς

106 489 143 557 ἐκ
172 493 239 556 τῶν
260 492 498 576 Δικαιογένους
523 491 584 554 τοῦ
610 483 773 575 ἡμετέρου
794 492 894 569 θείου
918 486 1105 576 χρημάτων,
1128 487 1187 555 τὸν

107 593 233 660 ἐκείνου
255 585 458 679 ἀδελφιδοῦν
479 587 718 678 Κηφισόδοτον
737 592 787 676 τῷ
808 589 929 656 ἑαυτοῦ
952 583 1089 678 ἀδελφῷ
1110 585 1187 675 Ἀρ-

104 694 214 780 μυδίφ
231 697 444 779 συνέπεμψεν
460 691 508 770 εἰς
522 689 696 777 Κόρινθον
708 683 780 758 ἀντ’
795 685 1001 758 ἀκολούθου·
1025 690 1074 770 εἰς
1088 694 1186 758 τοῦτο
1207 711 1211 721 ’

103 790 231 885 όβρεως
252 797 309 862 καὶ
331 799 471 883 μιαρίας
487 787 639 882 ἀφίκετο.
675 797 732 860 καλ
753 791 840 880 πρὸς
853 806 927 880 τοῖς
942 788 1057 872 ἀλλοις
1074 806 1187 880 κακοῖς

104 891 261 978 ὀνειδίζει
281 899 338 964 καὶ
361 895 493 983 ἐγκαλεῖ
507 889 598 982 αὐτῷ
612 888 667 978 ότι
682 893 830 983 ἐμβάδας
843 898 901 962 καὶ
914 900 1062 982 τρίβωνα
1077 907 1185 983 φορεῖ,

105 992 222 1088 ὥσπερ
238 991 454 1081 ἀδικοόμενός
468 1023 503 1064 τι
518 996 549 1063 εέ
565 995 713 1082 ἐμβάδας
728 997 965 1086 Κηφισόδοτος
981 1010 1090 1085 φορεῖ,
1106 989 1182 1062 ἀλλ’

106 1094 165 1168 οὐκ
195 1094 318 1169 ἀδικῶν
347 1092 401 1168 ότι
430 1093 638 1187 ἀφελόμενος
667 1092 768 1166 αάτδν
796 1097 838 1165 τά
863 1093 945 1166 ὄντα
974 1104 1104 1188 πένητα
1123 1123 1186 1167 πε·
1217 1144 1223 1153 -

102 1208 253 1292 πυίηκεν.
1080 1281 1081 1284 ¹

189 1298 291 1370 Ἀλλά
314 1305 395 1388 περὶ
417 1301 478 1387 μὲν
499 1300 626 1368 τούτων
640 1303 788 1369 τοσαῦτά
810 1329 870 1387 μοι
889 1297 1056 1392 εἰρήσθω·
1078 1303 1184 1370 πάλιν
1199 1314 1236 1370 12

103 1398 136 1471 δ’
162 1404 322 1490 ἐπάνειμι
343 1397 428 1473 ὅθεν
451 1396 630 1471 ἀπέλιπον.
680 1404 868 1483 Μενέξενος
896 1401 959 1492 γάρ
987 1399 1185 1494 δΚηφισο-

102 1511 235 1595 φῶντας
256 1505 345 1588 υἱός,
369 1499 519 1593 ,ἀνεψιὸς
541 1495 587 1572 τόν
609 1504 836 1595 Κηφισοδότῳ
866 1508 990 1593 τουτῳὶ
1017 1508 1075 1572 καὶ
1097 1505 1182 1590 ἐμοί,

101 1611 158 1675 καί
173 1611 343 1699 πρυσήκον
359 1601 449 1695 αὗτῴ
470 1612 530 1675 τοῦ
544 1605 665 1696 κλήρου
687 1613 788 1693 μέρος
802 1600 882 1674 όσον
896 1632 961 1696 περ
978 1607 1063 1692 ἐμοί,
1086 1607 1184 1686 ἐπεξ-

100 1708 156 1797 Ιήει
172 1724 244 1789 τοῖς
258 1708 594 1798 καταμαρτυρήσασιν
608 1705 702 1796 ήμῶν
715 1712 773 1776 καὶ
788 1707 970 1781 ἐκείνουτά
986 1710 1105 1798 ψευδή,
1127 1712 1184 1777 καί

99 1811 259 1895 Λάκωνα,
282 1804 321 1881 όν
342 1836 408 1900 περ
432 1810 585 1899 εἰσήγαγε
599 1814 734 1899 πρῶτον
749 1811 798 1890 εἷς
812 1808 849 1878 τὸ
868 1810 1090 1900 δικαστήριον,
1105 1816 1183 1903 τεά-

98 1939 157 1981 τον
180 1913 282 1982 εἷλεν·
306 1913 345 1993 ὃς
367 1912 573 2003 ἐμαρτύρησε
594 1917 793 2001 Δικαιογένη
824 1918 1015 2002 ποιηθῆναι
1044 1911 1103 1980 τδν
1126 1917 1182 1980 νῦν

99 2011 181 2086 ἀντα
194 2013 262 2083 ὑπὸ
279 2019 339 2083 τοῦ
354 2020 453 2083 θείου
469 2019 529 2082 τοῦ
542 2011 702 2102 ἡμετέρου
718 2013 792 2082 υἱὸν
807 2013 866 2082 ἐπὶ
879 2017 985 2083 παντὶ
998 2019 1048 2102 τῷ
1061 2014 1181 2102 κλήρῳ.
1216 2072 1219 2076 ,

97 2116 313 2206 μαρτυρήσας
343 2118 379 2184 δὲ
406 2120 512 2184 ταῦτα
535 2115 622 2184 ἑάλω
643 2116 954 2204 ψευδομαρτυριῶν.
1002 2115 1119 2205 ἐπειδή
1143 2117 1179 2183 δὲ
1195 2128 1232 2184 18

98 2224 334 2309 Δικαιογένης,
362 2204 388 2285 ὦ
419 2215 552 2306 ἀνδρες,
581 2209 694 2288 σάκέτι
712 2214 805 2303 ῐδμᾶς
834 2217 972 2286 δύναται
1000 2217 1180 2300 ἐξαπατᾶν,

99 2325 221 2397 πείθει
234 2320 425 2399 Μενέξενον
439 2318 498 2388 τδν
513 2317 598 2409 ὑπὲρ
620 2317 715 2408 ήμῶν
730 2323 837 2388 τεκαὶ
851 2316 937 2409 άπὲρ
956 2316 1058 2387 αὑτοῦ
1072 2320 1181 2410 πράτ-

97 2448 213 2504 τοντα,
243 2421 265 2489 ἀ
294 2419 356 2511 ίγιδ
381 2422 616 2508 αἰσχυνόμενος
639 2416 865 2510 ἀναγκάζομαι
893 2420 951 2489 διά
973 2418 1033 2508 τήν
1055 2420 1180 2489 ἐκείνου

96 2530 264 2614 πονηρίαν
286 2527 402 2612 λέγειν,
428 2563 468 2573 -
490 2531 525 2591 τί
539 2529 702 2614 ποιήσαι,·
724 2522 948 2609 κομισάμενον
964 2516 1065 2589 αάτδν
1079 2528 1180 2611 μέρος

97 2626 133 2693 ἐκ
154 2630 213 2693 τοῦ
234 2626 355 2716 κλήρου
378 2621 397 2694 δ’
419 2652 454 2694 τι
476 2626 631 2715 ἐγίγνετο,
659 2624 747 2716 ἡμᾶς
768 2626 830 2710 μὲν
851 2620 937 2710 ὑπὲρ
960 2618 1006 2691 ὦν
1035 2623 1179 2712 ἐπραττε

95 2728 293 2815 προδοῦναι,
316 2728 395 2806 τοὺς
418 2728 455 2795 δὲ
476 2729 580 2817 μήπω
603 2728 793 2808 ἑαλωκότας
822 2731 890 2796 τῶν
911 2725 1087 2815 μαρτύρων
1111 2719 1179 2814 ἀφ·
1201 2814 1227 2819 ..

96 2844 195 2898 εῖναι.
245 2834 302 2899 καὶ
328 2829 425 2921 ήμεῖς
453 2831 514 2916 μὲν
540 2835 646 2903 ταῦτα
672 2827 762 2917 Ιδπδ
793 2834 860 2896 τῶν
889 2830 998 2918 φίλων
1027 2832 1084 2896 καὶ
1111 2833 1178 2896 των

95 2932 227 3020 ἐχθρῶν
248 2930 424 3011 παθόντες
446 2932 576 3018 εἴχομεν
596 2929 748 3022 ἡσυχίαν.
788 2930 919 3019 Ιτούτων
941 2924 974 2996 δ’
993 2926 1070 3016 ὑμῖν
1092 2929 1178 3019 μάρ-

94 3058 197 3120 τυρας
220 3032 423 3122 παρέξομαι.
854 3114 856 3119 ,

526 3123 750 3176 ΜΑΡΤΥΡΕΣ.

108 3188 110 3195 ‚
176 3199 213 3271 Ὁ
239 3203 301 3288 μὲν
330 3208 442 3271 τοίνυν
470 3203 658 3282 Μενέξενος
686 3200 814 3269 παθών
847 3178 926 3282 ἀξια
958 3206 1024 3269 τῶν
1055 3200 1174 3268 ἑαυτοῦ
1189 3217 1226 3272 14

92 3304 231 3390 τρόπων
251 3297 415 3393 ήπατήθη
437 3300 505 3372 ὗπδ
528 3308 589 3372 τοῦ
609 3298 862 3392 Δικαιογένσυς·
892 3297 992 3392 ἀφεὶς
1013 3297 1076 3390 γάρ
1097 3300 1176 3380 τοδς

179 3450 381 3526 4άγδυήκοντα
403 3471 467 3510 corr.
489 3459 516 3520 1,
546 3450 641 3526 .’y.o..¹
662 3473 700 3524 pr.
723 3486 757 3496 -
781 3460 796 3510 9
814 3442 966 3526 τριβώνιον
989 3471 1043 3508 em.
1056 3455 1118 3507 Gob.
1143 3483 1176 3493 -

94 3544 123 3592 11
144 3534 221 3590 αὐτῶ
243 3556 291 3607 οι,
316 3556 380 3592 corr.
401 3546 412 3592 l
438 3569 472 3578 —
501 3543 539 3593 11.
565 3543 595 3593 12
614 3542 777 3607 ίπεποίηκεν
800 3545 829 3593 ut
846 3540 898 3592 vid.
916 3556 954 3608 pr.
1027 3538 1103 3595 121
1122 3541 1175 3606 μὲν

91 3626 167 3694 usqi:
187 3628 283 3691 transp.
297 3624 357 3677 Dbr.
376 3653 410 3662 -
427 3627 480 3677 23
498 3626 714 3696 κηφησυφῶντσε
731 3642 768 3694 pr.
786 3653 821 3665 -
838 3629 855 3678 4
873 3620 949 3679 αὐτῶ
968 3641 1032 3695 τοτε.
1047 3628 1070 3690 1,
1088 3617 1173 3676 αότσῦ

91 3724 129 3777 pr.
147 3738 182 3748 -
201 3713 214 3762 7
234 3700 286 3762 τόν
303 3709 355 3763 νῖν
373 3724 436 3761 corr.
449 3712 478 3773 2,
502 3713 597 3762 τοίνυν
613 3726 650 3778 pr.
719 3707 762 3765 18.
781 3714 797 3763 2
814 3705 895 3779 ήμᾶτι
913 3725 961 3763 em.
974 3710 1037 3763 Rsk.
1055 3739 1089 3747 —
1107 3714 1122 3762 5
1140 3705 1172 3761 τδ

91 3797 151 3866 ante
168 3795 249 3864 μίροε
265 3793 323 3846 εδδ.
342 3793 495 3863 Sauppe-
515 3798 530 3848 6
547 3797 656 3865 γίγνετο
674 3810 721 3862 pr„
739 3811 803 3847 corr.
819 3800 831 3848 1
856 3824 884 3835 —
906 3799 920 3847 7
940 3792 1037 3849 δοῦναι
1053 3810 1100 3862 pr„
1118 3811 1172 3866 προ

91 3893 111 3929 s.
129 3894 155 3932 v,
175 3881 190 3933 2
208 3907 242 3917 -
266 3874 354 3932 δόπδ
372 3873 436 3932 σενι.
458 3883 479 3944 1,
496 3872 566 3948 ὑπὲρ
583 3895 620 3946 pr.
639 3907 671 3919 -
698 3881 728 3932 11
748 3879 787 3932 tit.
805 3880 831 3931 in
849 3895 900 3946 mg.
921 3883 932 3933 1
953 3884 1014 3949 post
1032 3877 1173 3948 μενίξενας

90 3961 169 4028 514,
192 3966 214 4015 1.
