2626 4476
141 114 181 176 88
630 117 737 171 ΙΣΑΙΟΥ
1148 135 1185 178 οι.
1200 137 1223 177 τ.

89 289 127 347 22
224 281 387 354 Ἐνταῦθα
409 286 470 370 μὲν
484 281 610 370 ὁμοίιος
632 289 688 354 καὶ
711 279 838 376 άδελφή
855 288 911 354 καὶ
927 279 1130 374 ἀδελφιδοῦς
1147 285 1222 354 ἰσό-

140 414 254 477 μοιροι
282 386 364 454 κατὰ
393 386 451 455 τόν
473 386 575 471 νόμον
598 387 693 456 εἰσίν.
737 388 837 473 Λαβὲ
860 386 899 475 δή
928 391 982 454 καὶ
1006 392 1135 471 τοῦτον,
1163 392 1222 457 καὶ-

142 483 364 576 άναγίγνωσκε
387 481 511 567 αὐτοῖς.

141 762 200 827 τοῦ
222 758 309 848 πρός
337 758 467 847 πατρὸς
494 763 608 845 γένους
635 787 654 848 η
678 758 855 848 προσήκων
877 760 1009 850 μηδείς,
1032 761 1110 829 τότε
1135 755 1219 830 άπέ-

142 863 225 930 δωκε
247 875 318 940 τοῖς
339 860 427 987 πρὸς
448 860 581 950 μητρός,
606 860 811 981 διορίσας
780 860 836 940 ούς
858 861 910 930 δεῖ
931 877 1072 950 κρατεῖν.
1118 866 1219 951 Λαβὲ

143 963 178 1030 δὲ·
203 958 316 1040 αύτσῑς
339 965 395 1029 καὶ
418 965 534 1029 τοῦτον
555 962 614 1030 τδν
637 961 737 1046 νόμον
759 964 814 1028 καὶ
838 955 1021 1050 άνάγνωθι.

606 1066 751 1119 ΝΟΜΟΣ.

89 1165 127 1222 23
231 1150 344 1213 Ταῦτα
373 1151 439 1214 ταῖν
466 1147 576 1232 νόμων
604 1142 802 1215 κελευόντων
832 1143 932 1232 ὃμὲν
962 1141 1044 1237 άνήρ
1071 1139 1118 1216 τόν
1144 1144 1218 1218 ούδὲ

141 1251 200 1315 τοῦ
222 1253 343 1335 μέρους
358 1249 493 1339 εἴληχεν,
518 1251 551 1316 οἱ
566 1242 597 1314 δ’
619 1245 703 1337 ύπέρ
718 1244 840 1338 ταύτης
854 1252 914 1338 τῆς
935 1249 1089 1337 γυναικός
1108 1247 1220 1320 άπάν·

141 1369 224 1417 των·
248 1344 334 1417 ούτω
349 1350 409 1440 τήν
425 1345 597 1419 άναέδειαν
613 1346 770 1434 ούδεμίαν
794 1350 912 1440 ζημίαν
935 1348 1021 1420 εἶναι
1036 1351 1217 1437 νομίζουσι.

141 1455 194 1519 καὶ
217 1447 302 1540 ύπὲρ
325 1452 451 1521 τούτων
468 1452 747 1542 ...τολμήσουσι,
770 1455 826 1518 καλ
848 1467 920 1532 τοῖς
942 1453 1052 1540 λόγοις
1072 1458 1218 1540 χρῶνται

140 1553 316 1635 τοιούτοις,
340 1551 386 1632 ὡς
410 1549 522 1633 αύτοῖς
544 1548 623 1622 όλου
645 1557 705 1620 τοῦ
732 1552 852 1642 κλήρου
876 1556 1019 1642 ληκτέον,
1049 1548 1102 1623 ότι
1129 1561 1220 1646 Θρα-

142 1655 304 1740 σύβουλος
327 1654 503 1746 ἐκποίητος
525 1656 572 1735 είς
589 1654 648 1723 τόν
666 1652 756 1722 οἶκον
776 1653 835 1721 τόν
846 1651 1081 1739 Ἱππολοχίδου
1097 1663 1216 1745 γέγονε,

89 1773 128 1830 24
142 1760 290 1844 λέγοντες
311 1762 409 1825 τούτο
431 1758 492 1843 μέν
508 1753 643 1846 ἀληθές,
668 1756 771 1824 έκεῖνο
788 1750 820 1822 δ’
840 1751 878 1824 ού
894 1761 1076 1847 προσῆκον·
1099 1765 1135 1826 τί
1156 1757 1217 1846 γάρ

141 1853 239 1948 ήττον
262 1853 352 1946 αύτῷ
373 1863 431 1948 τής
454 1865 641 1946 συγγενείας
656 1858 776 1947 ταύτης
791 1863 974 1948 προσήκεν,·
996 1854 1033 1926 ού
1055 1858 1119 1948 γὰρ
1135 1859 1218 1928 κατά

140 1961 198 2030 τόν
221 1967 353 2047 πατέρα
377 1955 461 2026 άλλά
476 1958 559 2026 κατὰ
583 1959 641 2048 τήν
656 1965 781 2049 μητέρα
802 1963 856 2026 καὶ
880 1965 946 2028 τιῦν
960 1954 1219 2051 Ἀπολλοδώρου

141 2068 200 2131 τοῦ
231 2057 421 2139 Εύπόλιδος
448 2062 538 2139 υἱέος
566 2060 603 2128 τό
634 2066 735 2149 μέρος
763 2060 895 2151 ε’ίληφε*
912 2064 981 2129 ’καὶ
1009 2064 1115 2131 τῶνδε
1146 2064 1218 2153 έξήν

143 2159 232 2250 aina
251 2165 257 2249 l
276 2161 359 2230 κατά
387 2161 508 2291 ταήτην
530 2160 590 2285 τήν
614 2168 801 2250 συγγένειαν
824 2163 1005 2282 λαγχάνειν,
1034 2160 1107 2233 ὄντι
1134 2191 1217 2254 προ·

141 2270 226 2353 υέρῳ
248 2263 385 2354 ταύτης,
409 2265 506 2391 ε’ίπερ
528 2264 569 2332 τά
591 2269 811 2354 πεπραγμένα
832 2262 876 2352 μή
900 2265 1061 2353 κυρίως”
1044 2291 1129 2350 εχειν
1148 2266 1215 2335 ἐνό-

90 2383 126 2440 25
142 2365 244 2452 μιζεν.
296 2360 370 2434 άλλ
404 2361 461 2434 ούκ
489 2366 579 2434 ἐστιν
591 2361 834 2490 ἀναίσχυντος
889 2365 1013 2457 μητρός
1045 2361 1077 2434 δ’
1109 2362 1217 2446 ούδείς

142 2468 231 2537 εστιν
261 2468 452 2559 εκποίητος,
483 2462 601 2536 οἰλλΗ
584 2475 709 2553 ομοίως
742 2464 884 2556 ὑπάρχει
913 2466 971 2556 τήν
1002 2461 1103 2556 αύτήν
1133 2466 1215 2536 εἶναι

141 2577 276 2692 μητέρα,
299 2597 360 2639 καν
383 2596 417 2638 εν
438 2597 485 2658 τῳ
509 2569 657 2658 πατριύῳ
679 2575 759 2658 μένη
782 2593 834 2646 τις
857 2568 937 2656 οίκφ
954 2595 1015 2636 καν
1038 2568 1213 2660 εκποιηθῇ.

143 2668 234 2740 δι’“
216 2699 232 2740 ο
263 2676 329 2739 τῶν
352 2667 608 2758 Ἀπολλοδώρου
634 2670 810 2792 χρημάτων
839 2664 898 2737 ούκ
920 2663 1137 2793 άπεστερηθη
1159 2674 1214 2738 τοῦ

141 2778 270 2862 μέρους,
295 2767 379 2839 άλλά
401 2770 644 2860 μετειλήφει
610 2798 647 2839 το
671 2767 875 2860 ήμικλήριον,
898 2770 985 2862 πρὸς
1006 2772 1129 2864 ταύτην
1153 2799 1215 2842 νει·

141 2873 297 2959 μάμενος.
331 2869 385 2951 Ὡς
408 2865 439 2938 δ’
459 2866 572 2961 άληδή
595 2875 688 2960 λέγω,
711 2873 804 2942 κάλει
818 2900 877 2960 μοι
891 2873 1018 2943 τούτων
1032 2873 1112 2954 τούς
1133 2875 1215 2963 μάρ

140 3000 252 3064 ‘⁹⁹⁰9'
565 3062 788 3116 MAPTYPssz.

90 3160 128 3218 26
234 3136 348 3220 Ούτως
369 3143 429 3227 μὲν
453 3135 509 3226 ούχ
539 3144 572 3210 οἱ
594 3149 746 3232 γεννῆται
767 3143 869 3229 μόνον
891 3147 945 3211 καὶ
977 3145 1140 3234 φράτερες
1164 3168 1214 3231 γε·

141 3245 259 3333 γόνασι
280 3244 444 3334 μάρτυρες
457 3247 517 3332 τής
539 3243 619 3333 ἐμῆς
638 3246 819 3334 ποιήσεως,
843 3240 928 3329 άλλδ
950 3249 1004 3313 καὶ
1023 3246 1216 3334 Θρασύβσυ·

143 3350 199 3427 λος
222 3341 279 3415 ούκ
303 3339 523 3436 άμφισβητῶν
551 3340 651 3425 αύτδς
679 3347 763 3437 ’έργφ
792 3347 974 3434 δεδήλωκεν
1000 3341 1055 3415 ότι
1083 3347 1127 3414 τά
1155 3371 1215 3414 πε·

227 3514 307 3570 ἏῊ
330 3516 370 3571 tit.
393 3515 449 3572 add.
467 3516 526 3572 ΑΙδ.
547 3544 581 3557 -
604 3518 729 3587 ύγένονε
750 3516 823 3571 [λίνεα
846 3521 993 3588 γενομένω
1088 3515 1134 3574 23·
1151 3519 1167 3571 2
1184 3512 1215 3567 τό

142 3604 235 3672 μέροει
255 3615 304 3655 em.
316 3599 378 3654 Rsk.
396 3628 429 3641 -
447 3605 463 3655 4
481 3601 571 3656 deesse
584 3601 644 3670 aliq.
657 3616 743 3670 persp.
755 3600 826 3667 Rsk„
845 3597 875 3654 δι’
892 3599 980 3673 λέγειν
996 3601 1063 3670 sppl.
1076 3601 1215 3669 Emperius,

142 3685 228 3739 malim
246 3703 274 3738 τι
292 3681 380 3757 λέγειν
404 3715 436 3724 -
461 3686 575 3740 Ἰτοῦτο
598 3701 663 3740 corr·
680 3689 709 3749 2,
734 3681 808 3739 .’...'o
830 3703 867 3755 pr.
943 3685 989 3742 25.
1008 3689 1023 3740 3
1042 3684 1214 3751 έκντοιηθείηι

143 3783 192 3824 em.
209 3768 257 3824 Bk.
275 3798 309 3810 -·
326 3774 343 3824 4
360 3763 410 3824 ο.’κ
427 3787 474 3838 pr„
493 3786 555 3824 corr.
575 3774 598 3824 1.
684 3769 729 3825 26.
748 3773 763 3824 3
782 3765 829 3824 οὐκ
854 3773 952 3824 corr.2
976 3771 1002 3824 in
1024 3786 1076 3825 ras.
1096 3770 1215 3824 1111.-

142 3847 223 3908 αύτδε
240 3852 272 3908 δε
290 3871 356 3922 meo,
374 3870 424 3908 om.
442 3853 499 3909 Md.
519 3859 545 3907 ελ
563 3854 645 3922 vulga
666 3851 742 3907 οὖτά
