2626 4476
91 276 116 318 p.
128 266 161 307 ος.
352 243 428 297 ΠΕΡΙ
445 243 510 297 ΤΟΥ
526 243 761 298 ΔΙΚΑΙΟΓΕΝθΥΣ
778 244 916 300 ΚΔΗΡΟΥ.
1131 244 1171 306 65

87 409 154 483 ὀὐκ
177 407 349 500 ἀπέλαβον
373 413 393 479 6
416 411 599 488 ἐδάνεισαν,
622 413 655 480 οἱ
679 407 709 479 δ
736 412 1006 504 ἐξηπατήθησαν,
1035 417 1092 482 καὶ
1114 440 1211 482 ουκ

92 515 259 602 ἐλαβον“
238 543 260 583 α
288 513 450 598 ὑπέσχετο
481 509 654 595 αότοῖς,ε
639 512 669 582 ελ
698 514 933 582 ἐπιδικάσαιτο
960 519 1020 582 τοῦ
1040 516 1170 604 κλήρου,

81 618 226 687 -δῶσειν,
262 624 382 699 καίτοι,
406 643 432 682 ω
418 603 637 702 ἀνδρες,“
605 639 638 682 οι
659 611 815 705 ἡμέτεροι
829 615 993 704 πρόγονοι
1010 619 1045 686 οἱ
1065 622 1171 686 ταῦτα
1188 634 1223 688 41

92 719 295 809 κτησάμενοι
314 721 372 785 καὶ
392 716 635 796 καταλιπόντες
656 717 771 797 πάσας
792 719 852 839 μέη
877 726 1036 807 χορηγίας
1058 718 1172 843 ἐχορή-

90 844 208 910 γησαν,
232 819 422 908 εἰσήνεγκαν
437 818 519 884 δὲ’
490 844 537 897 εις
552 818 610 886 τόν
625 818 775 904 πόλεμον
786 819 939 908 χρήματα
953 810 1100 889 πολλάί
1083 837 1170 906 υμῖν,

92 926 151 989 καλ
172 925 446 1046 τριηραρχοῦντες
474 914 593 993 οὐδένα
620 920 739 1009 χρόνον
762 921 924 989 διέλιπον.
968 926 1025 990 καὶ
1044 924 1171 990 τοότων

91 1023 261 1111 μαρτύρια
283 1021 317 1090 ἐν
339 1037 410 1100 τοῖς
434 1023 537 1109 ἱεροῖς
558 1016 763 1110 ἀναθήματα
785 1023 905 1091 ἐκεῖνοι
926 1023 960 1100 ἐκ
986 1029 1052 1091 τῶν
1075 1051 1170 1111 περι-

92 1125 211 1206 όντων,
239 1138 383 1214 μνημεῖα
412 1127 470 1212 τής
499 1121 607 1192 αὑτῶν
631 1118 764 1212 ἀρετῆς,
788 1119 964 1208 ἀνέθεσαν,
983 1131 1090 1193 ’τοότο
1108 1128 1171 1212 Ιμὲν

92 1225 130 1294 ἐν
143 1227 311 1295 Διονύσου
334 1225 508 1314 τρίποδας,
532 1225 589 1304 οὓς
608 1231 824 1314 χορηγοῦντες
842 1231 899 1294 καὶ
921 1232 1073 1307 νικῶντες
1094 1229 1171 1296 ἐλα-

88 1334 164 1414 βον,
186 1333 285 1397 τοῦτο
308 1321 342 1393 δ’
368 1325 403 1394 ἐν
431 1332 587 1394 Πυθίου·
616 1326 667 1394 ἐτι
689 1323 719 1393 δ’
746 1326 780 1394 ἐν
810 1322 991 1417 ἀκροπόλει
1018 1324 1223 1418 &namen

92 1434 161 1497 τῶν
189 1425 295 1500 όντων
323 1423 507 1505 ἀναθέντες
534 1429 688 1510 πολλοῖς,
716 1425 764 1507 ῶς
793 1423 861 1497 ἀπὸ
899 1430 989 1508 ἰδίας
1015 1433 1170 1520 κτήσεως,
1236 1430 1237 1433 '

92 1526 267 1619 ἀγάλμασι
286 1532 420 1614 χαλκοῖς
441 1532 495 1596 καὶ
520 1531 596 1596 λιθλ
583 1536 667 1608 λνοις
688 1531 909 1618 κεκοσμήκασι
922 1531 961 1598 τό
979 1533 1078 1620 ἱερόν.
1113 1528 1171 1599 66-

90 1636 149 1700 τοὶ
173 1626 245 1698 δ”
228 1657 313 1754 οπερ
333 1635 392 1719 τής
407 1657 497 1717 πατρ
501 1631 571 1709 ίδος
585 1632 808 1716 πολεμοῦντες
824 1627 1009 1716 ἀπέθανον,
1030 1640 1170 1702 Δικαιο-

89 1739 191 1823 γένης
211 1720 312 1818 μέν
294 1760 312 1800 o
336 1733 524 1812 Μενεξένου
545 1737 606 1800 τοό
628 1732 709 1817 ἐμοῦ
730 1733 879 1801 πάππου
895 1735 1006 1824 πατήρ
1030 1758 1171 1825 στρατη·

82 1839 161 1923 γῶν
184 1829 240 1903 ὅτε
260 1861 340 1923 ην
270 1832 340 1903 ‘6
350 1828 511 1903 Ἐλευσῖνι
532 1834 619 1924 μάχη
643 1834 778 1921 ἐγένετο,
801 1831 1034 1916 Μενέξενοςδ’
1053 1833 1171 1906 ‘566-

92 1962 153 2013 νου
168 1937 242 2017 υἱός
256 1939 489 2027 φυλαρχῶν
448 1960 506 2023 της
517 1929 702 2016 oavm‘ac'
688 1962 722 2004 εν
733 1937 938 2025 Σπαρτώλου,
953 1944 1172 2056 Δικαιογένης

92 2035 172 2122 δὲ’
154 2065 172 2105 ο
197 2037 385 2116 Μενεξένου
407 2041 613 2157 τριηραρχιῶν
634 2042 693 2127 τής
708 2038 927 2127 Παράλουέν
941 2041 1064 2127 Κνίδῳ.
1093 2045 1169 2107 τοῦ·
1184 2055 1223 2112 43

93 2164 154 2207 τον
168 2139 330 2224 μέντοι
294 2167 354 2207 τον
370 2137 461 2208 οἶκον
482 2139 532 2222 σό,
555 2166 582 2205 ω
567 2122 821 2227 Δικαιόγενες,
844 2140 1028 2228 παραλαβο
1034 2169 1052 2210 ν
1065 2146 1172 2220 κακῶς

91 2243 152 2307 καὶ
165 2240 307 2330 αἰσχρῶς
317 2241 528 2322 διολώλεκας,
543 2267 599 2307 και
589 2240 911 2368 ἐξαργυρισάμενος
925 2250 1045 2310 πενίαν
1060 2237 1171 2332 όδόρη,

92 2356 160 2410 ποῖ
181 2336 436 2426 άναλῶσας;”
397 2369 473 2410 ουτε
493 2340 557 2431 γὰρ
579 2343 628 2421 εἰς
649 2342 709 2431 τήν
723 2344 824 2412 πόλιν
847 2341 922 2412 οότε
945 2345 993 2422 εἰς
1014 2343 1092 2423 τοὺς
1113 2353 1172 2434 φί-

90 2446 173 2521 λους
194 2443 338 2533 φανερός
353 2441 383 2512 εἶ
406 2444 603 2532 δαπανήσας
619 2438 725 2512 οὐδέν.
762 2439 847 2511 ἀλλὰ
869 2444 935 2532 μήν
950 2440 1027 2512 οόδὲ
1041 2453 1171 2514 καθιπ-

91 2546 329 2635 ποτρόφηκας·
353 2540 390 2613 06
405 2545 468 2634 γάρ
483 2545 625 2612 πώποτε
641 2544 765 2633 ἐκτήσω
780 2547 890 2614 ἵππον
905 2548 1061 2625 πλείονος
1077 2543 1170 2626 ἀξιον

92 2637 115 2734 ή
137 2651 239 2730 τριῶν
261 2651 367 2731 μνῶν·
392 2643 468 2714 οότε
489 2648 840 2737 κατιζευγοτρόφηκας,
864 2648 940 2715 ἐπεὶ
962 2641 1038 2715 οὐδὲ
1060 2647 1171 2736 ζεῦγος

92 2747 220 2836 ἐκτήσω
243 2743 356 2836 όρικόν
380 2743 599 2817 οὐδεπώποτε
614 2748 672 2817 ἐπὶ
693 2750 867 2829 τοσούτοις
882 2744 996 2837 ἀγροῖς
1017 2754 1074 2818 καὶ
1093 2751 1171 2839 κτή-

90 2873 188 2935 μασι.
234 2844 307 2916 όιλλ’
334 2844 407 2916 066'
434 2850 468 2916 ἐκ
497 2855 564 2918 τῶν
586 2855 760 2936 πολεμίων
790 2847 895 2918 ἐλόσω
919 2846 1046 2919 σόδένα.
1092 2846 1167 2918 ἀλλ’
1184 2869 1222 2924 44

91 2947 172 3020 οῧδέ
193 2950 236 3018 τά
259 2945 473 3037 ἀναθήματα,
497 2952 518 3018 6
541 2952 727 3032 Μενέξενος
748 2957 849 3040 τριῶν
870 2954 1041 3021 ταλάντων
1070 2978 1170 3043 ποιη-

92 3055 238 3141 σάμενος
266 3046 420 3120 ἀπέθανε
448 3056 531 3140 πρὶν
544 3066 547 3071 “
562 3049 756 3136 ἀναθεῖναι,
786 3054 835 3133 εἰς
856 3054 959 3133 πόλιν
987 3054 1169 3139 κεκόμικας,

91 3148 174 3222 ἀλλ’
200 3154 327 3233 ἐντοῖς
350 3156 575 3241 λιθουργελοις
597 3155 648 3223 ἐ’τι
668 3156 882 3238 καλινδεῑται,
910 3159 967 3222 καὶ
989 3150 1088 3236 αὐτὸς
1109 3157 1170 3242 μὲν

91 3251 207 3345 ήξίσυς
228 3260 411 3345 κεκτῆσθαι
440 3248 461 3321 6
484 3278 539 3324 σοι
561 3249 656 3372 οόδὲν
684 3261 831 3346 προσήκε
850 3257 1010 3345 χρήματα,
1040 3273 1111 3337 τοῖς
1135 3260 1170 3325 δέ

120 3458 123 3465 ¹
179 3478 222 3533 41.
241 3484 421 3550 ἐκμαρτυρίαι
440 3495 488 3532 em
506 3478 563 3532 Ald.
633 3477 679 3533 42
697 3475 912 3546 3κεκοσμήμακι
928 3495 975 3548 pr„
992 3444 1060 3548 6616
1078 3497 1141 3533 corr.
1156 3486 1168 3534 1

92 3594 127 3602 -
146 3567 162 3618 6
180 3565 211 3617 ἐν
224 3559 340 3617 Ἁλιεῦσι
357 3563 471 3619 Dbr—
493 3568 508 3615 ’1
527 3579 574 3628 τηε
588 3557 735 3616 Ὀλυνθίοις
752 3562 907 3615 Palmer-
917 3567 940 3617 8
958 3560 1032 3617 κνιδ
1039 3584 1062 3616 ω
1079 3566 1162 3619 autft

93 3644 188 3703 κυδ.ω
206 3665 253 3716 pr„
271 3665 334 3702 corr.
350 3652 373 3701 1.
441 3645 488 3702 43.
509 3652 530 3700 1.
548 3649 564 3698 2
581 3648 682 3723 τοῦτον
697 3649 792 3714 μέντοι
809 3643 859 3700 τὸν
877 3648 908 3699 de
926 3662 993 3714 meo,
1010 3647 1060 3702 τδν
1075 3653 1170 3718 μέντοι

94 3727 192 3786 τούτου
209 3730 286 3786 Rsk.:
310 3730 361 3786 τόν
377 3734 429 3800 μὲν
451 3731 550 3784 τοῦτον
568 3760 600 3769 -
618 3735 635 3784 4
653 3735 702 3785 ποῖ
718 3731 779 3783 Bk:
797 3731 851 3785 ποῦ
874 3762 907 3770 -
932 3737 946 3790 5
966 3735 1103 3807 φανερῶυι
1121 3753 1170 3789 em.

93 3814 211 3884 Scaliger
231 3846 273 3871 —.
288 3813 473 3882 δαπανηθείεε
498 3831 547 3869 em.
570 3815 631 3867 Nbr.
716 3815 761 3870 44.
783 3820 806 3869 2.
826 3819 841 3868 3
863 3812 1042 3885 ποιησάμενοι
1063 3836 1126 3874 corr.
1147 3826 1169 3884 1,

96 3901 286 3969 λπολησιμενοε
303 3907 332 3954 ut
343 3903 394 3955 vid.
408 3918 458 3969 pn:
477 3901 505 3952 rt.
517 3900 568 3968 leg.
583 3903 692 3966 ἐποίησε
708 3904 767 3968 μέν,
785 3895 913 3954 ἀπέθανε
928 3897 958 3954 δὲ
974 3931 1008 3942 -
1026 3909 1043 3957 4
1061 3900 1171 3976 λιθουρ

96 3989 176 4055 γόοισι
194 4001 243 4039 em.
263 3985 351 4054 Steph.
369 4017 402 4026 -
420 3981 597 4041 κυλινδεῖταιε
615 4000 663 4038 em.
677 3984 744 4039 ssoh.

148 4078 230 4120 lmus.
965 4075 979 4122 5
