2626 4476
158 224 216 277 lllll
600 223 793 278 Punuunulu.

244 380 326 451 Quae
341 387 450 440 mutata
467 380 561 455 velim,
576 382 649 443 haec
664 390 743 442 sunt.
774 380 848 443 Cum
863 380 933 441 satis
949 391 1074 455 constet,
1090 382 1234 445 lectiones

160 496 235 557 quae
257 479 287 537 in
311 477 445 556 margine
467 478 590 541 Aldinae
610 477 844 556 Hamburgensis
866 477 1029 557 adscriptae
1051 489 1137 555 sunt,
1160 499 1234 559 quas

158 574 270 656 publici
282 573 354 636 iuris
365 575 435 636 lecit
445 575 623 654 Rosenberg
632 575 662 636 in
678 574 777 635 annal.
790 574 891 654 philol.
903 577 959 637 vol.
968 576 1030 638 ClX
1041 596 1070 657 p.
1084 579 1145 641 333
1157 597 1232 657 sqq„

158 671 195 732 ad
217 672 364 733 Muretum
387 672 559 734 referendas
581 692 645 734 esse
668 673 717 750 (cl.
740 671 891 732 Thalheim
906 675 1011 734 annal.
1033 675 1136 754 philol.
1158 675 1231 737 CXV

157 788 187 849 p.
204 771 275 843 679,
291 769 440 831 lernstedt
453 770 472 830 l.
488 771 516 832 d.
531 771 624 848 prael.
637 770 716 846 nl),
731 769 801 830 huic
816 770 1019 848 potiusquam
1034 770 1070 832 iis
1085 791 1160 850 quos
1176 791 1231 850 ego

157 867 317 940 nominavi,
333 866 521 929 attribuenda
536 876 608 928 sunt
622 868 708 926 haec:
724 865 765 925 lll
781 866 849 944 hyp.
869 872 880 928 1
899 863 959 932 τὸν
975 864 1086 953 ἕτερον
1107 870 1174 932 τῶν
1189 904 1231 914 -

157 962 299 1039 11121,5
321 954 427 1027 ταύτὰ
449 998 492 1009 -
514 963 554 1024 111
570 968 621 1036 50,
637 967 656 1027 6
672 953 736 1027 ὅτι.
773 963 909 1042 'lychsen
931 965 1045 1043 primus
1066 966 1232 1027 emendavit

155 1060 183 1120 ll
202 1064 282 1136 13,1
309 1057 498 1145 &scepionem
527 1062 634 1123 Reiske
656 1060 770 1140 primus
792 1061 949 1139 proposuit
969 1060 1010 1121 lll
1036 1065 1082 1136 ld,
1100 1066 1118 1125 7
1140 1059 1231 1126 ἐκδέ-

158 1155 255 1236 δωκε,
279 1157 395 1220 Debree
416 1159 532 1238 primus
552 1159 590 1220 Vl
613 1162 661 1233 10,
680 1161 700 1222 9
720 1153 928 1232 Μειξιάδου;
949 1168 1106 1220 accentum
1127 1152 1229 1238 (ἄλλ’)

157 1256 322 1317 emendavit
332 1256 415 1318 Fuhr
429 1257 466 1317 lV
483 1260 512 1331 4,
525 1260 554 1342 4.
585 1255 672 1327 Quod
687 1255 779 1317 semel
793 1253 824 1316 in
840 1256 1013 1334 fragmentis
1029 1255 1067 1333 (ll
1083 1260 1114 1334 3)
1129 1257 1229 1336 vulga-

156 1361 214 1413 tam
230 1353 327 1426 attulr',
350 1353 460 1415 Reiskii
476 1356 563 1431 (orat.
579 1353 665 1414 Attio.
680 1353 736 1415 vol.
753 1353 817 1430 Vll)
830 1352 1001 1414 testimonio
1021 1353 1115 1415 fretus
1136 1356 1229 1416 attuli.

156 1448 309 1511 Editiones
331 1451 559 1532 enim'Dionysii
580 1469 704 1531 operum
720 1470 736 1511 a
752 1451 846 1511 Petro
856 1448 986 1511 Victorio
1001 1459 1031 1511 et
1044 1453 1078 1512 Α.
1095 1451 1228 1512 Schottio

155 1554 271 1608 curatas
291 1546 437 1628 inspicere
459 1549 530 1610 mihi
553 1569 615 1611 non
636 1548 734 1622 licuit,
757 1547 931 1627 Sylburgius
946 1557 1044 1608 autem
1059 1567 1127 1609 cum
1145 1550 1229 1611 libris

156 1644 234 1704 lacit.

240 1740 336 1801 Addas
357 1741 443 1816 licet,
466 1760 643 1823 quamquam
666 1740 803 1801 consulto
826 1759 933 1820 parcus
954 1741 1013 1803 lui:
1043 1741 1229 1823 1112,5sq.

156 1839 350 1918 συμβαίνειν
366 1829 568 1926 ἀποδημίαν,
591 1837 659 1902 καὶ
681 1833 721 1901 σύ
738 1830 844 1902 οἶσθα
859 1838 962 1900 Kaibel
976 1849 1139 1918 praeeunte
1153 1841 1228 1902 Bre-

155 1933 224 2009 mio,
247 1953 335 2013 quam
350 1936 553 1997 coniecturam
568 1935 713 1996 Schanzio
735 1935 868 1998 arrisisse
882 1935 976 1998 video.
1013 1935 1120 2013 11151,
1137 1940 1155 2003 8
1171 1939 1226 2002 καὶ

155 2027 189 2095 e'c'
201 2053 235 2096 τι
251 2023 333 2095 ἄλλο
347 2014 388 2117 ἦν
403 2032 508 2093 Muret.
540 2031 590 2092 Vll
608 2035 656 2106 13,
673 2036 691 2096 5
707 2028 932 2118 περιφάνειαν
947 2032 1072 2094 Debree.

240 2129 321 2200 Quae
337 2128 372 2188 de
393 2148 459 2190 meo
476 2139 505 2191 et
525 2130 555 2190 in
572 2129 755 2191 orationihus
771 2130 846 2191 etin
868 2131 1042 2209 fragmentis
1057 2132 1165 2192 mutavi
1180 2133 1226 2192 vel

154 2226 294 2286 mutanda
309 2244 373 2287 esse
389 2227 502 2299 censui,
524 2245 628 2287 eorum
644 2227 700 2287 alio
721 2227 787 2287 loco
808 2226 982 2306 propediem
997 2228 1143 2288 rationem
1158 2230 1226 2289 red-

153 2323 229 2384 dam.
255 2321 320 2384 Hoc
332 2339 425 2383 unum
435 2341 626 2402 praemoneo,
642 2324 700 2386 duo
712 2322 897 2402 potissimum
909 2323 1075 2403 Crippsiaui
1086 2324 1225 2387 vitiorum

152 2437 263 2498 genera
279 2438 358 2482 esse:
379 2419 495 2500 singula
511 2421 597 2482 verba
612 2422 680 2502 plus
694 2439 756 2482 uno
778 2420 845 2482 loco
860 2430 911 2483 aut
932 2420 1072 2480 excidisse
1095 2430 1145 2481 aut
1160 2439 1225 2482 esse

3 2511 8 2521 '
79 2549 85 2556 -
152 2517 340 2597 transposita.
367 2518 521 2580 Accedunt
535 2519 719 2599 glossemata,
735 2516 844 2596 quibus
859 2535 897 2578 ne
909 2515 1090 2593 antiquiores
1106 2517 1225 2596 quidem

151 2613 219 2675 libri
235 2632 336 2676 carere
352 2614 457 2677 solent.

237 2783 408 2845 scribebam
422 2783 598 2845 Berolini
613 2784 675 2846 llal.
691 2783 803 2845 Martiis
821 2783 912 2847 1883.
