2626 4476
90 288 116 330 ο.
128 278 161 320 σῖ.
336 261 412 314 ΠΕΡΙ
429 260 494 314 ΤΟΥ
509 259 772 314 ΦΙΛΟΚΤΗΜΟΝΟΣ
789 258 927 312 ΚΔΗΡΟΥ.
1132 255 1171 314 77

91 423 174 496 οὐδὲ
201 422 458 519 ὐμφισβητήσαι
478 428 728 517 τετολμήκασιν,
758 423 844 496 ἀλλὰ
872 426 960 516 πρὸς
984 419 1172 516 ὐπερβολήν

88 525 330 614 ὐιναισχυντίας
351 529 712 620 προσμεμαρτυρήκασι
738 531 875 610 τούτους
905 527 993 598 εἶναι
1013 530 1172 619 κληρονό-

92 657 187 718 μους,
211 631 268 710 οὸς
289 629 384 718 ὑμεῖς
405 627 736 721 ἀπεχειροτονήσατε.

173 729 247 802 Ἔτι
275 733 312 800 δὲ
332 737 389 802 καὶ
410 737 471 802 τού
491 734 658 822 μάρτυρος
680 728 783 801 αὐτοῦ
812 737 990 818 σκέψασθε
1013 732 1074 820 τήν
1094 733 1172 801 τόλ-
1187 746 1224 801 46
1282 747 1302 774 ”

94 862 163 922 μαν
183 838 241 902 καί
263 829 447 917 ἀναίδειαν,
476 829 571 914 ὅστις
593 835 702 924 ε’ίληχε
723 837 783 920 μὲν
806 831 896 921 αὐτῷ
923 838 983 922 τής
1003 834 1175 922 θυγατρός

90 942 156 1025 τής
177 930 386 1025 Εὐκτήμονος
407 933 454 1015 (ὁς
476 933 577 1026 οὐσης
599 935 789 1025 ἐπικλήρου,
810 939 867 1003 καὶ
890 930 992 1003 αὐτοῦ
1013 941 1072 1004 τοῦ
1096 936 1174 1025 κλή-

96 1064 157 1125 ρου
177 1043 237 1107 τοῦ
251 1032 460 1126 Εὐκτήμονος
481 1044 639 1124 πέμπτου
658 1041 664 1125 Ι
682 1044 802 1126 μέρους
824 1033 870 1116 ιὸς
892 1037 1045 1105 ἐπιδίκου
1067 1033 1172 1119 όντος,

95 1141 324 1230 μεμαρτύρηκε
354 1133 386 1206 δ’
418 1133 628 1228 Εὐκτήμονος
655 1139 729 1208 υίὸν
756 1136 843 1207 εἶναι
869 1139 1013 1227 γνήσιον.
1064 1145 1174 1206 καίτοι

94 1245 173 1320 πῶς
205 1235 301 1321 οὗτος
330 1235 369 1309 οὐ
400 1245 518 1330 σαφῶς
546 1241 706 1328 ἐξελέγχει
735 1235 835 1320 αὐτὸς
864 1237 965 1308 αὐτόν
993 1239 1036 1307 τδι
1062 1240 1174 1328 ψευδή

91 1344 385 1433 μεμαρτυρηκότας
405 1338 444 1410 οὐ
466 1342 529 1431 γὰρ
551 1343 661 1430 δήπου
682 1349 817 1432 γνησίου
833 1339 931 1421 όντος
943 1343 1034 1421 υἱέος
1048 1337 1173 1430 Εὐκτή·

93 1469 175 1528 μανι
203 1444 381 1534 ἐπίκληρος
409 1435 450 1513 όν
477 1433 518 1531 ἦν
545 1441 565 1533 ή
587 1445 740 1534 θυγάτηρ
763 1439 881 1526 αὐτοῦ,
911 1437 988 1511 οὐδὲ
1014 1440 1031 1510 ὁ
1055 1445 1174 1531 κλήρος
1261 1455 1264 1460 ’

95 1544 263 1624 ἐπίδικος.-
296 1544 342 1625 ὥς
356 1553 466 1614 τοίνυν
482 1546 577 1630 ἐλαχε
591 1546 715 1624 ταύτας
728 1544 789 1624 τὰς
805 1545 923 1634 λήξεις,
946 1539 1174 1632 ἀναγνώσεται

92 1645 176 1733 ύμῖν
201 1648 262 1728 τὰς
282 1656 474 1737 μαρτυρίας.
518 1716 520 1721 .

163 1789 166 1793 -
322 1772 325 1776 ⁴
391 1788 394 1795 ·
518 1753 748 1806 MAPTYPIAI.

90 1903 93 1907 .
185 1828 386 1903 Τούναντίον
414 1841 527 1902 τοίνυν
550 1840 752 1924 συμβέβηκεν
773 1824 794 1920 ἢ
816 1829 902 1912 ιὸςὸ
934 1832 1035 1917 νόμος
1056 1836 1172 1919 γέγρα-
1189 1849 1225 1905 47

94 1955 198 2005 πται·
221 1935 370 2021 ἐκεῖ-μὲν
391 1934 453 2025 γὰρ
476 1934 548 2004 ἐστι
570 1935 666 2024 νόθην
688 1936 773 2024 μηδὲ
787 1935 874 2023 νόθη
889 1933 964 2023 (μή)
980 1932 1067 2002 εἶναι
1082 1928 1173 2020 ὐγχι·

94 2046 214 2113 ,στείαν
235 2031 324 2127 μήθ’
351 2039 448 2128 ἱερῶν
470 2031 557 2127 μήθ’
583 2035 687 2106 ὁσίων
716 2031 778 2104 ὐπ’
805 2032 983 2105 Εὐκλείδου
1006 2031 1172 2123 ὐρχοντος,

95 2133 295 2228 Ἀνδροκλῆς
323 2139 359 2206 δὲ
387 2142 444 2207 καὶ
472 2133 673 2229 Ἀντίδωρος
702 2140 832 2208 οἴονται
862 2141 939 2220 δεῖν,
971 2132 1174 2228 ἀφελόμενοι

95 2239 160 2319 τὰς
182 2233 390 2329 Εὐκτήμονος
410 2246 599 2330 θυγατέρας
619 2241 681 2321 τὰς
701 2248 838 2331 γνησίας
859 2245 915 2309 καὶ
936 2240 1015 2319 τούς
1041 2237 1075 2307 ἐκ
1096 2239 1173 2307 ’τού-

96 2366 166 2409 των
186 2343 370 2429 γεγονότας,
392 2343 451 2410 τόν
471 2368 508 2409 τε
522 2337 733 2431 Εὐκτήμονος
755 2341 845 2411 οίκον
859 2346 916 2410 καὶ
936 2341 995 2410 τὸυ
1012 2341 1176 2430 Φιλοκτή-

94 2467 200 2528 μονος
221 2442 317 2526 ἐχειν.
355 2447 411 2512 καὶ
432 2439 453 2532 ή
476 2445 711 2533 διαφθείρασα
731 2443 792 2533 τήν
813 2439 1023 2531 Εὐκτήμονος
1043 2443 1175 2532 γνώμην
1189 2458 1227 2515 48

96 2548 155 2613 καὶ
175 2547 312 2613 πολλῶν
334 2543 492 2634 ἐγκρατής
512 2550 668 2635 γενομένη
691 2539 797 2625 οὐτως
817 2543 943 2632 ὑβρίζει
960 2544 1093 2634 σφόδρα
1115 2571 1175 2612 πι-

93 2646 261 2715 στεύουσα
281 2647 422 2729 τούτοις,
446 2640 532 2715 ὥστε
554 2641 592 2715 οὐ
614 2647 717 2734 μόνον
731 2653 798 2715 τῶν
811 2642 1022 2736 Εὐκτήμονος
1043 2646 1175 2713 ὀἰκείων

94 2763 316 2838 καταφρονεῖ,
346 2743 431 2816 ἀλλὰ
459 2751 515 2816 καὶ
542 2754 602 2838 τής
629 2750 761 2829 πόλεως
783 2747 929 2838 ὁπόσης.
977 2742 1176 2826 ἆκούσαντες

95 2850 134 2918 δὲ
156 2852 192 2918 ἓν
212 2849 317 2935 μόνον
339 2865 477 2940 σημεῖον
499 2852 624 2940 ῥᾳδίως
645 2853 818 2939 γνώσεσθε
838 2851 898 2941 τήν
917 2850 1042 2940 ἐκείνης
1063 2875 1176 2938 παρα-

97 2959 230 3037 νομίαν.
273 2958 344 3019 Καί
365 2978 425 3037 μοι
447 2954 528 3038 λαβὲ
549 2957 667 3022 τοῦτον
687 2952 746 3021 τδν
769 2954 880 3039 νόμον.

564 3075 710 3128 ΝΟΜΟΣ.

188 3157 291 3225 Ταυτὶ
319 3153 362 3223 τὰ
389 3155 584 3241 γράμματα,
614 3143 641 3222 ιὸ
671 3151 801 3244 ἄνδρες,
832 3151 926 3239 ὑμεῖς
955 3149 1041 3223 οὐτω
1070 3155 1174 3242 σεμνὰ
1189 3170 1227 3225 49

95 3259 154 3325 καὶ
179 3249 296 3344 εὐσεβή
326 3255 607 3345 ἐνομοθετήσατε,
637 3260 718 3344 περὶ
742 3258 871 3325 πολλοῦ
900 3256 1176 3342 ποιούμενοικαὶ

96 3356 186 3445 πρὸς
207 3356 331 3436 ταύτας
352 3360 407 3425 καὶ
428 3357 516 3444 πρὸς
537 3359 616 3438 τούς
638 3355 757 3436 ἄλλους
778 3357 882 3437 θεοὺς
904 3353 1067 3443 εὐσεβεῖν·
1095 3356 1115 3448 ή
1140 3360 1176 3426 δέ

96 3459 226 3526 τούτων
240 3459 357 3548 μήτηρ,
373 3453 478 3538 οὐτως
492 3457 765 3547 ὁμολογουμένως
780 3447 864 3527 οὐσα-
879 3458 978 3548 δούλη
993 3462 1049 3527 καί
1066 3453 1175 3526 ὁύπαν-

184 3665 202 3714 4
225 3655 301 3713 om:
324 3655 355 3712 οὐ
376 3658 463 3729 μόνον
480 3660 541 3717 Rsk.
564 3691 600 3701 -
622 3655 959 3734 ὅτιρσσμεμαρτυρήκασι.
977 3679 1015 3730 pr.
1093 3661 1138 3716 46.
1158 3666 1174 3716 2

99 3740 177 3798 αὐτό
184 3783 192 3799 .
209 3774 245 3784 -
260 3749 278 3798 4
294 3745 343 3798 ταῦ
366 3748 492 3811 πέμπτου
508 3767 537 3814 μ.
560 3747 631 3810 Βελι,
655 3747 701 3800 ἐπὶ
723 3767 752 3812 μ.
770 3745 953 3814 ΚΕΗεωυεοο,
976 3747 1005 3799 ft.
1029 3748 1078 3799 τοῦ
1095 3769 1123 3816 μ.
1142 3777 1175 3786 -

102 3833 132 3882 11
153 3830 185 3882 tit
197 3828 322 3885 addsAld.
374 3829 415 3883 47.
429 3832 444 3881 2
461 3827 498 3896 μὴ
510 3829 567 3884 εδδ.
580 3830 683 3898 Sauppe
701 3859 735 3869 -
753 3835 769 3884 4
781 3826 981 3903 ἀνδρακίκίδηιε
995 3847 1043 3884 em.
1056 3832 1174 3886 Schoem.

156 3913 215 3970 148.
232 3919 241 3967 l
261 3908 423 3981 εύκτήμανοτ
435 3929 499 3966 corr.
514 3919 536 3980 1,
555 3932 625 3966 ..τ..
637 3929 674 3980 pr.
687 3943 720 3952 —
734 3918 748 3966 ’ί
761 3916 793 3967 tit
804 3915 861 3968 add.
874 3917 931 3970 Ald.
983 3916 1029 3971 4⁹.
1041 3919 1057 3969 3
1075 3917 1174 3969 ταύται

102 4011 151 4050 em.
170 3997 231 4052 Rsk.
249 4029 282 4038 -
298 4004 314 4053 4
332 3995 545 4070 ὁμολογουμένη
563 4014 612 4051 em.
630 3998 690 4051 Dbr.
