2626 4476
170 240 210 301 10
675 239 784 294 ΙΣΑΙΟΥ
1182 261 1219 301 or,
1236 261 1257 302 1,

169 437 254 493 των,·
275 403 424 476 κάκεῖνον
446 415 522 494 μέν,
553 403 581 495 ιβ
609 413 664 477 καὶ
688 404 866 497 ἀναγκαῖον
890 396 924 476 εύ
947 423 1060 477 ποιεῖν
1082 407 1172 497 ἡμᾶς
1194 416 1253 480 καὶ

171 511 307 600 αἰσχρόν
329 508 422 600 ἡμῶν
446 505 626 599 ἀμελῆσαι,
654 513 757 601 μηδὲν
786 517 853 579 τῶν
883 509 986 579 αὑτοῦ
1012 509 1093 599 ἡμῖν
1115 513 1252 581 δοῦναι·

168 615 306 693 τούτους
329 615 380 695 δέ,
405 613 456 692 οίς
472 607 544 681 οὔτ’
563 608 687 703 ἀνάγκη
711 615 800 682 ἐστίν
823 607 894 681 ούτ’
919 614 1074 704 αἰσχύνην
1090 609 1253 699 οὐδεμίαν

170 723 267 806 φέρει
281 721 348 784 τῶν
371 709 409 782 ού
435 717 684 806 προσηκόντων,
707 710 753 794 ιύς
775 740 890 806 φασιν,
913 713 992 811 ἡμῖν
1013 718 1254 802 μεταδιδόναι,

170 814 254 887 ἀλλὰ
276 823 381 885 ταῦτα
398 823 474 904 μέν,
498 806 524 885 ὦ
550 814 676 908 ἄνδρες,
699 818 828 907 πολλὴν
852 812 1014 887 ἀπιστίαν
1037 819 1112 901 ἔχει.

119 928 158 985 30
249 920 400 1004 Ἔπειτα,
425 921 455 988 εἰ
476 921 536 1006 μέν
558 924 613 988 καὶ
637 925 693 988 νύν
716 915 802 989 ούτω
826 920 913 1010 πρὸς
929 914 1141 1010 ἀμφοτέρους
1161 918 1252 1010 ἡμᾶς

169 1025 251 1108 ’έχων
276 1024 493 1113 ἐτελεύτησεν,
517 1017 632 1111 ὥσπερ
656 1017 712 1091 ὅτε
733 1023 794 1102 τὰς
810 1023 977 1111 διαθήκας
991 1024 1115 1103 ταύτας
1130 1022 1251 1114 ἐποιή-

169 1150 269 1207 σατο,
300 1126 435 1204 εἰκότως
465 1121 505 1192 ἀν
533 1151 585 1204 τις
612 1123 705 1210 ὑμῶν
733 1125 915 1194 πιστεύσαι
943 1140 1015 1204 τοῖς
1044 1126 1156 1213 λόχοις
1176 1141 1252 1206 τοῖς

167 1235 324 1296 τουτωνί·
348 1230 417 1295 νυνί
442 1228 478 1294 δέ
502 1232 570 1295 πᾶν
592 1224 786 1296 τούναντίον
809 1225 972 1318 εὑρήσετε.
1009 1229 1086 1296 τότε
1102 1230 1162 1314 μὲν
1185 1228 1257 1317 γὰρ·

169 1329 261 1415 έτυχε
282 1336 411 1419 Δεινίᾳ,
435 1329 474 1406 ὃς
494 1325 582 1417 ἡμᾶς
605 1330 826 1418 ἐπετρόπευε,
855 1330 1021 1419 διάφορος
1042 1321 1089 1397 ἀίν
1110 1327 1191 1418 ἡμῖν
1212 1357 1251 1398 τε

169 1428 264 1499 ούπω
284 1432 453 1522 χρώμενος
466 1432 599 1511 τούτοις
612 1457 650 1499 τε
665 1426 793 1500 ἅπασιν
809 1432 1009 1519 ἐπιτηδείως
1024 1432 1249 1517 διακείμενος·

168 1538 225 1602 νῦν
248 1535 284 1602 δὲ
307 1534 432 1602 τούτων
454 1540 514 1619 μέν
536 1558 607 1602 τισι
622 1535 786 1624 διάφορος
801 1533 938 1621 ἐγένετο,
961 1530 1040 1623 ἡμῖν
1058 1535 1094 1601 δὲ
1109 1535 1249 1602 πάντων

118 1636 285 1725 81ἰχρητο
315 1636 513 1704 οἰκειότατα.
563 1640 619 1703 καὶ
647 1635 683 1715 ἰξ
711 1631 757 1703 ὦν
784 1637 844 1720 μέν
873 1630 964 1723 αὐτῷ
992 1634 1079 1723 πρὸς
1109 1636 1249 1717 τούτους

168 1735 338 1826 έχένειοη
363 1738 520 1826 διαφορά,
544 1738 720 1826 περίεργόν
742 1737 815 1806 ἐστι
830 1741 950 1824 λέγειν·
975 1752 1096 1827 σημεῖα
1119 1738 1156 1805 δὲ
1170 1735 1249 1822 ύμῖν

168 1841 233 1930 ἐρῶ
261 1841 404 1928 μιχάλα,
439 1843 517 1927 περὶ
547 1835 594 1906 οἷν
621 1845 677 1908 καί
704 1841 875 1930 μάρτυρας
904 1840 966 1920 ἕξω
995 1846 1249 1924 παρασχέσθαι.

168 1948 303 2032 πρῶτον
330 1943 390 2027 μέν
418 1941 480 2030 μὰρ
510 1942 606 2008 θύων
635 1947 683 2029 τῷ
712 1943 884 2030 Διονύσῳ,
915 1945 971 2010 καὶ
998 1941 1076 2020 τούς
1106 1943 1250 2022 οἰκείους

169 2039 321 2124 ἅπαντας
338 2047 481 2122 καλέσας
502 2047 558 2111 καὶ
580 2049 646 2110 τῶν
662 2041 771 2111 ἀλλων
786 2048 937 2113 πολιτῶν
959 2044 1114 2126 πολλούς,
1142 2051 1249 2132 Φερέ-

168 2174 258 2216 νικον
282 2141 429 2231 ούδαμοῦ
452 2147 700 2235 παρεστήσατο.
745 2146 863 2214 ἔπειτα
891 2146 1009 2235 μικρὸν
1032 2150 1112 2234 πρίν
1134 2149 1248 2215 τελευ-

168 2254 268 2338 τῆσαι
289 2248 434 2334 βαδίζων
458 2248 506 2326 εἰς
521 2248 701 2335 Πάνορμον
720 2247 804 2332 μετὰ
820 2255 980 2334 Σίμωνος,
1002 2251 1059 2315 καὶ
1081 2248 1248 2331 συντυχὼν

118 2346 274 2438 ῖβαύτηῖ,
304 2365 504 2438 προσειπεῖν
534 2344 592 2417 ούκ
619 2349 809 2440 ἐτόλμησεν.
860 2351 910 2418 ’ἑτι
937 2352 973 2417 δὲ
1001 2350 1088 2438 πρὸς
1114 2350 1248 2430 τούτοις

166 2459 424 2537 πυνθανομένου
447 2451 506 2539 τὴν
529 2452 697 2541 διαφορὰν
719 2457 779 2520 τοῦ
801 2451 1033 2544 Σίμωνοςτην
1061 2446 1093 2517 τ’
1120 2451 1247 2541 ἐ’χθραν

167 2557 358 2646 διηγήσατο,
374 2559 430 2622 καὶ
444 2558 716 2644 προσηπείλησεν
732 2549 786 2622 ότι
801 2555 962 2644 δηλώσειε
977 2548 1058 2622 ποτ’
1082 2543 1123 2621 ἀν
1136 2554 1246 2641 τούτῳ

166 2655 212 2738 ὠς
241 2659 406 2726 διάκειται
434 2656 521 2743 πρὸς
551 2651 661 2723 αύτόν.
705 2660 775 2723 Καὶ
804 2652 851 2734 ὦς
882 2651 995 2746 ἀληθῆ
1022 2658 1122 2742 λέγω,
1151 2655 1247 2724 κάλει

165 2761 344 2847 μάρτυρας
596 2845 809 2899 ΜΑΡΤΥΡΕΣ

108 2932 153 2997 88
257 2927 384 2994 Οίεσθε
407 2913 479 3007 σύν,
511 2911 536 2992 ὦ
566 2922 698 3015 ἀνδρες,
727 2927 785 2995 τόν
816 2925 937 2996 ούτωσί
961 2926 1048 3016 πρὸς
1070 2927 1245 3013 ἑκατέρους

165 3026 253 3119 ἡμᾶς
276 3030 483 3112 διακείμενον
504 3027 582 3117 ἡμῖν
603 3035 681 3114 μέν,
705 3029 757 3108 οίς
779 3030 967 3099 οἰκειότατα
990 3030 1114 3119 έχρητο,
1138 3023 1244 3108 ούτως

166 3144 278 3198 ποιεῖν
301 3123 387 3196 ὥστε
408 3131 492 3250 μηδὲ
515 3130 611 3216 λόγον
633 3127 844 3216 ἀπολείψειν,
866 3132 999 3211 τούτοις
1020 3134 1067 3215 δέ,
1090 3128 1136 3199 ὦν
1153 3156 1243 3202 τισιν

165 3236 221 3300 καὶ
249 3231 413 3322 διάφορος
433 3258 489 3320 ην,
519 3248 655 3301 σκοπεῖν
683 3226 777 3312 ὅπως
807 3227 944 3302 ἀπασαν
972 3235 1153 3320 βεβαιώσει
1182 3234 1242 3324 τὴν

165 3328 300 3417 ούσίαν,·
332 3336 388 3401 καὶ
420 3332 558 3412 τούτους
589 3335 649 3418 μέν
684 3339 740 3402 νύν
768 3339 848 3424 περὶ
876 3338 1032 3416 πλείονος
1060 3341 1242 3405 ποιεῖσθαι

231 3489 278 3547 29.
295 3493 312 3542 4
330 3485 425 3541 δοῦναι
440 3485 537 3557 ἡμῖνίλ
556 3519 590 3528 -
609 3495 623 3543 5
642 3489 681 3542 οίε
701 3492 727 3543 in
745 3506 795 3558 mg.
814 3492 835 3543 Α
857 3495 866 3545 l
888 3521 920 3531 -
939 3497 954 3544 6
974 3487 1141 3559 μεταδσ.ναι
1159 3493 1240 3561 Apu,

163 3590 227 3627 corr.
248 3579 270 3628 1.
346 3571 425 3628 ΒΜ
450 3570 551 3626 ταύταε
569 3590 618 3629 οπο.
644 3573 694 3627 Μαί
717 3604 751 3615 -
773 3579 789 3629 3
812 3576 956 3629 πιστεῦσαι
973 3577 1007 3641 Α,
1030 3576 1164 3648 πιστεύσῃ
1181 3576 1240 3641 Mai,

164 3655 316 3712 πιστεύσειε
329 3657 405 3711 Schb.
424 3688 457 3697 -
476 3663 491 3711 4
509 3655 542 3711 τό
561 3660 688 3711 ἐναντίον
701 3662 722 3712 Α
734 3675 781 3726 μα,
799 3664 889 3713 corni
910 3690 944 3699 -
962 3664 978 3715 6
996 3658 1075 3713 σι’πω
1086 3659 1148 3713 Mai:
1167 3654 1240 3714 οὕτω

163 3740 216 3801 ΑΟ.
285 3740 327 3796 81.
347 3745 361 3794 2
380 3737 445 3810 ἡμῖν
462 3743 492 3795 Α.
560 3741 606 3796 82.
625 3746 640 3795 3
658 3739 776 3809 δηλούτω
793 3744 824 3809 Α,
841 3739 960 3809 δηλώσω
977 3745 1040 3798 Mai:
1063 3761 1111 3798 em.
1130 3745 1190 3800 Dbr.
1207 3775 1241 3787 -

163 3824 237 3880 6tit.
256 3841 306 3878 om.
323 3825 381 3889 AO:
406 3826 463 3880 add.
482 3825 541 3880 Mai.
611 3825 656 3883 83.
675 3831 690 3880 2
708 3823 787 3895 ἡμᾶει
804 3822 916 3895 ἡμῶνῡ
935 3859 968 3868 -
992 3833 1007 3883 3
1026 3823 1112 3883 νύττει
1130 3823 1239 3893 ὅπωεΟ

162 3938 196 3950 -·
212 3905 390 3980 ύπσλσίψειθ
407 3940 442 3952 -·
460 3916 475 3964 4
494 3900 528 3976 ἦν
545 3910 625 3971 omo
645 3940 678 3950 -—
695 3911 867 3979 βεβαιώσηΟ
885 3940 919 3951 -
937 3918 952 3967 5
970 3909 1079 3967 σύσίανι
1098 3914 1238 3986 ίχθρανο

163 4023 194 4035 -
213 3994 266 4048 νῦν
283 4010 333 4051 om.
353 3994 373 4056 0
