2626 4476
124 132 165 190 54
608 129 717 184 {mor
1140 144 1178 188 or.
1190 148 1207 188 ε

90 311 109 366 2
127 301 263 391 έγγυητῇ
277 305 442 388 γενομένῳ
456 304 701 386 Δικαιογένους,
725 292 840 388 ὥσπερ
855 293 1110 384 άντωμόσαμεν.
1141 305 1208 366 Καὶ

124 428 184 487 μοι
207 400 380 489 ἀνάγνωθι
402 400 463 490 τὴν
485 395 708 485 άντωμοσίαν.

542 522 785 576 ΑΝΤΩΜΟΣΙΑ.

209 604 263 684 Ὡς
283 612 395 674 τοίνυν
419 599 532 694 ἇληθη
555 599 805 689 άντωμόσαμεν,
829 602 1067 693 Κηφισόδοτος
1094 599 1209 670 οὑτοσὶ

128 705 208 791 οἶδε,
231 711 288 775 καὶ
308 708 479 796 μάρτυρας
501 703 578 791 ὑμῖν
600 705 822 793 παρεξόμεθα
836 709 972 794 πρῶτον
994 704 1055 789 μὲν
1079 701 1128 784 ὥς
1144 698 1209 771 ἇπ-

128 816 206 899 έστη
229 815 448 899 Δικαιογένης
469 806 548 897 ἡμῖν
563 823 635 876 τοῖν
658 809 750 875 δυοῖν
772 822 888 896 μεροῖν
902 811 962 874 τοῦ
979 806 1114 894 κλόρου,
1138 804 1209 874 εἶτα

128 909 174 992 ὥς
201 906 388 1000 ἠγγυήσατο
411 909 605 999 Λεωχάρης.
656 916 725 976 Καί
753 935 812 993 μοι
839 902 1012 994 άνάγνωθι
1040 907 1103 996 τὴν
1125 934 1209 996 μαρ·

128 1021 254 1103 τυρίον.
737 1024 740 1030 ’

562 1116 779 1170 MAPTYPIA.

95 1199 114 1253 3
222 1203 295 1266 Τῶν
317 1199 377 1282 μέν
398 1198 576 1287 μαρτύρων
598 1192 769 1287 άκηκόατε,
792 1199 848 1264 καὶ
871 1193 917 1274 ιδς
940 1189 1132 1286 οότάληθῆ
1154 1221 1210 1282 με·
1253 1182 1255 1191 ¹

129 1300 385 1390 μαρτυρήκασιν,
410 1294 483 1367 οὐδ’
503 1292 543 1366 δν
567 1294 667 1367 αὐτὸν
683 1296 779 1385 οἶμαι
793 1298 961 1386 Λεωχάρη
977 1297 1107 1366 εἰπεῖν·
1130 1300 1210 1376 ἴσως

131 1403 167 1470 δὲ
190 1397 247 1469 ἐπ’
274 1402 397 1471 ἐκεῖνον
418 1408 582 1491 τρέψεται
603 1401 661 1470 τόν
684 1401 792 1487 λόγον,
822 1396 868 1478 ὦς
889 1404 1112 1488 Δικαιογένης
1133 1425 1170 1466 τε
1192 1398 1210 1465 δ

128 1502 209 1592 ἡμῖν
231 1503 444 1592 ὡμολόγησεν
467 1498 602 1572 άπαντα
623 1509 803 1592 πεποίηκε,
826 1504 882 1568 καὶ
899 1495 999 1579 αότός
1013 1499 1074 1588 τὴν
1098 1499 1209 1590 έγγόην

132 1600 186 1673 ότι
209 1601 391 1672 άπέδωκεκ
442 1606 472 1672 εἰ
501 1593 557 1673 οόν
587 1599 683 1672 ταῦτ’
709 1604 786 1691 ἐρεῖ,
809 1602 974 1689 ψεύσεται
1001 1605 1058 1670 καλ
1089 1603 1210 1692 ῥηιδίως

132 1706 415 1795 ἐξελεγχθήσεται.
452 1701 680 1794 ἀναγνώσεται
701 1705 764 1794 γάρ
787 1702 865 1790 ὑμῖν
887 1698 952 1772 ὅσα
973 1706 1138 1772 κατέλιπε
1151 1709 1210 1770 Δι-

130 1814 303 1898 καιογένης
330 1805 347 1875 ό
372 1808 560 1887 Μενεξένου
590 1809 624 1876 ἐν
652 1812 701 1895 τηῖ
729 1807 838 1896 κλήρῳ
860 1809 918 1873 καὶ
945 1805 987 1871 τά
1014 1803 1210 1893 χρήματαδ

133 1910 242 1996 ἔλαβε.

559 2013 784 2066 ΑΠΟΓΡΑΦΗ.

100 2100 119 2155 4
224 2098 338 2160 Ταῦτα
354 2094 384 2161 εἰ
405 2097 465 2180 μὲν
480 2096 525 2184 μή
545 2116 635 2186 φασι
649 2099 848 2184 Δικαιογένη
869 2087 928 2161 τόν
942 2089 1102 2182 ἡμέτερον
1118 2098 1210 2162 θεῖον

134 2196 241 2276 ζῶντα
263 2200 447 2286 κεκτῆσθαι
466 2198 522 2264 καλ
545 2193 807 2286 ἀποθνῄσκοντα
828 2193 908 2286 ἡμῖν
924 2196 1050 2276 δοῦναι,
1075 2193 1211 2262 ἀποδει-

135 2296 304 2377 ξάτωσαν·
335 2299 365 2365 εἰ
387 2299 501 2367 δὲκαὶ
524 2299 647 2368 ἐκεῖνον
669 2301 867 2367 καταλιπεῖν
889 2300 946 2365 καὶ
973 2292 1062 2384 ἡμᾶς
1083 2302 1226 2381 κεκομί-,

135 2406 230 2483 σθαι,
253 2401 497 2491 μαρτυρησάτω
518 2428 570 2480 τις
593 2396 717 2480 αὐτοῖς.
754 2395 808 2468 ότι
829 2400 890 2485 μέν
912 2398 975 2486 γὰρ
996 2404 1213 2487 Δικαιογένης

135 2499 300 2588 ὡμολόγει
321 2502 538 2590 παραδώσειν
560 2500 639 2593 ημῖν
661 2497 708 2570 ὦν
730 2504 907 2571 κατέλιπεν
930 2497 1157 2579 δΜενεξένου
1175 2498 1213 2566 τὰ

136 2603 194 2670 δόο
210 2609 304 2692 μέρη,
325 2601 421 2692 ἡμεῖς
442 2599 613 2693 μάρτυρας
627 2603 860 2692 παρεχόμεθα,
882 2605 939 2671 καὶ
960 2595 1015 2669 ότι
1029 2602 1214 2691 Λεωχάρης

135 2699 321 2792 ἠγγυήσατο
339 2699 439 2773 αότδν
454 2711 561 2773 ταῦτα
575 2707 748 2794 ποιήσειν·
770 2707 827 2772 καὶ
848 2703 912 2793 γάρ
929 2703 1139 2789 δικαζόμεθα
1161 2700 1213 2770 διὰ

136 2810 245 2887 τοῦτο,
273 2808 329 2872 καὶ
352 2809 457 2873 ταῦτα
486 2801 735 2892 άντωμόσαμεν.
788 2811 858 2872 Καί
878 2831 940 2890 μοι
962 2798 1139 2893 όινάγνωθι
1159 2804 1214 2892 τὴν

139 2902 363 3001 άντωμοσίαν.

555 3013 799 3078 Ασσαωοεικ.

102 3102 121 3157 5
226 3091 267 3158 Εἰ
288 3094 349 3177 μὲν
370 3101 490 3176 τοίνυν,
514 3083 540 3162 ὦ
564 3090 696 3184 άνδρες,
720 3095 800 3183 περὶ
821 3065 947 3162 τούτων
970 3095 1109 3179 έμελλον
1132 3090 1215 3165 άπο-

140 3193 352 3282 λογήσασθαι
373 3196 476 3280 μόνον
491 3196 679 3286 Λεωχάρης
700 3186 964 3286 η’Δικαιογένης,
986 3192 1080 3284 ἤρκει
1103 3193 1144 3264 άν
1161 3222 1216 3282 μοι

224 3450 251 3505 8.
270 3455 285 3503 4
303 3449 401 3522 έγγόην
419 3461 446 3504 ει
469 3457 485 3504 6
504 3446 729 3520 ἐξελεγχθήσεται
747 3448 779 3500 δε
798 3464 868 3501 εοεαε
892 3445 1023 3520 έξεγγάην
1048 3456 1074 3503 et
1092 3445 1217 3522 ἐλεγχθῆ-

140 3551 218 3588 οεται
235 3565 269 3574 -
291 3531 469 3589 ῖάαῖδωκιν
492 3549 556 3587 corr.
578 3539 605 3597 1,
627 3527 782 3586 ὀτ...ω.ευ
800 3548 838 3599 pr.
862 3562 897 3573 -
921 3535 995 3586 θεῖε.
1024 3535 1081 3589 add.
1101 3535 1215 3589 Schoem.

226 3620 253 3675 4.
270 3623 287 3673 4
302 3612 506 3693 μαρτ.ρησάτω
523 3634 570 3685 pr„
589 3632 653 3670 corr.
673 3621 686 3670 1
707 3642 740 3654 -—
759 3622 773 3669 5
792 3612 808 3668 δ
826 3603 1024 3688 μενεξένουλοόν
1040 3619 1169 3674 κατέλιπε
1185 3614 1217 3671 τᾶ

203 3710 224 3773 β
436 3721 455 3753 α
583 3721 604 3755 ν

210 3772 218 3790 t

141 3789 188 3840 pr„
205 3792 221 3825 ο
238 3771 393 3839 μενεξένουὶ
405 3754 446 3821 τόν
463 3748 592 3823 κατέλιπε
608 3788 644 3823 τοι
662 3785 726 3822 corr.
746 3773 761 3822 2
780 3799 812 3808 -
831 3773 847 3822 6
866 3740 1057 3840 παρεξόμεθαι
1080 3788 1130 3826 em.
1148 3771 1217 3825 Tun.

141 3875 167 3928 5.
189 3877 210 3925 1.
229 3870 338 3923 τούτων
354 3854 491 3941 μόνον-
508 3873 524 3922 2
543 3867 633 3936 ἢειιαὶ
650 3871 708 3924 Dbr.
