2626 4476
96 277 118 317 p.
132 265 163 307 ει.
363 247 439 300 ΠΕΡΙ
455 248 520 302 ΤΟΥ
537 247 740 303 memor
758 249 896 304 ΚΛΗΡΟΥ.
1154 247 1171 308 7

95 411 292 506 [ἄρχονίδην]
316 409 529 500 ἀπέπεμψεν.
570 411 624 494 Ὡς
648 403 704 484 οὖν
729 411 842 505 ἆληθή
870 419 968 504 λέγω,
997 418 1091 486 κάλει
1112 445 1172 503 μοι
1189 427 1227 484 10

95 517 173 597 τοὺς
197 518 376 605 μάρτυρας.

520 622 743 676 ΜΑΡΤΥΡΕΣ.

172 717 243 790 Ἔτι
271 728 383 790 τοίνυν
417 718 463 799 ὥς
496 723 530 789 οἰ
561 722 687 789 τούτων
721 724 817 811 φίλοι
849 727 905 790 καί
934 726 1173 816 Κηφίσανδρος

96 817 211 910 ἠξίουν
238 829 424 909 νείμασθαι
452 822 512 912 τήν
540 817 657 892 οἰσίαν
684 828 741 891 καὶ
767 822 806 891 τό
829 831 942 912 τρίτον
963 832 1065 915 μέρος
1085 825 1173 917 ἡμᾶς

97 924 183 1008 ἐ’χειν
212 921 371 993 ἁπάντων
399 929 465 993 τῶν
487 925 687 1011 Κλεωνύμου
694 979 703 1008 ,
733 929 789 993 καὶ
816 926 942 996 τούτων
970 954 1030 1014 μοι
1049 930 1143 998 κάλει
1166 939 1172 1009 Ι

95 1021 275 1116 μάρτυρας.
630 1035 633 1038 ’
678 1073 681 1078 ’
920 1031 925 1034 ’

523 1132 745 1185 ΜΑΡΤΥΡΕΣ.
777 1182 779 1187 ,

143 1292 158 1317 „
178 1227 339 1318 Ἡγοῦμαι
360 1231 421 1314 μέν
434 1236 555 1313 τοίνυν,
579 1216 749 1319 ὦόνδρες,
773 1235 861 1299 πᾶσι
877 1246 950 1311 τοῖς
963 1236 1031 1300 τῶν
1044 1233 1172 1322 κλήρων
1190 1246 1223 1301 17

95 1327 374 1422 ἀμφισβητοῦσιν,
390 1325 471 1400 όταν
487 1326 693 1420 ἀποφήνωσι
707 1336 797 1421 σφᾶς
812 1327 932 1413 αὐτοὺς
947 1328 1062 1423 ὥσπερ
1077 1332 1172 1423 ήμεῖς
1225 1365 1227 1371 ·

95 1440 152 1503 καὶ
173 1440 221 1522 τη]
242 1440 329 1522 γένει
350 1441 535 1522 προτέρους
556 1431 657 1513 ὄντας
678 1438 734 1503 καὶ
756 1440 797 1523 τῇ
819 1439 919 1525 φιλίᾳ
940 1442 981 1525 τῇ
1003 1437 1090 1528 πρὸς
1112 1439 1170 1506 τόν

95 1537 360 1626 τετελευτηκότα,
383 1543 558 1624 περίεργον
580 1534 667 1604 εἶναι
688 1536 766 1615 τοδς
782 1533 902 1616 ἄλλους
918 1540 1034 1625 λόγους
1049 1542 1170 1626 λέγειν·

96 1639 214 1726 ἐπειδὴ
245 1639 281 1706 δὲ
309 1639 436 1705 τούτων
464 1631 637 1728 οὐδέτερον
667 1639 794 1722 ἐ’χοντες
821 1634 1085 1726 οὗτοιτολμωσι
1105 1647 1172 1710 τῶν

96 1735 135 1808 οἰ
150 1741 386 1830 προσηκόντων
401 1735 625 1830 ἀμφισβητεῖν
640 1745 696 1808 καὶ
711 1742 848 1828 ψευδεῖς
865 1742 1174 1830 παρασκευάζονται

96 1843 222 1931 λόγους,
244 1843 410 1929 βούλομαι
431 1849 556 1932 βραχέα
577 1847 634 1911 καί
661 1847 742 1931 περὶ
768 1843 894 1912 τούτων
922 1840 1030 1914 αὐτῶν
1053 1848 1171 1916 εἰπεῖν.

95 1945 319 2033 ἰσχυρίζονται
339 1945 402 2033 γὰρ
423 1959 499 2025 ταῖς
522 1946 711 2035 διαθήκαις,
727 1948 883 2033 ’λέγοντες
905 1944 951 2027 ὦς
971 1949 1171 2034 Κλεώνυμος
1189 1958 1223 2014 18

94 2054 329 2133 μετεπέμπετο
351 2047 411 2136 τήν
433 2042 535 2136 ἆρχήν
559 2042 597 2116 οὗ
620 2051 719 2116 λῦσαι
739 2050 941 2135 βουλόμενος
969 2045 1071 2129 αὐτὰς
1094 2045 1169 2118 ἀλλ’

96 2148 340 2239 ἐπανορθῶσαι
366 2153 423 2217 καὶ
450 2155 637 2236 βεβαιῶσαι
666 2157 784 2240 σφίσιν
813 2145 927 2231 αἰτοῖς
952 2151 1012 2242 τήν
1034 2152 1174 2243 δωρεόκ

95 2248 191 2336 ὑμεῖς
213 2253 249 2319 δὲ
272 2257 458 2319 σκοπεῖσθε
484 2251 546 2331 τὰς
576 2252 743 2342 διαθήκας
770 2252 831 2331 τὰς
858 2248 934 2339 μετ’
960 2248 1058 2344 όργής
1079 2281 1173 2342 γενο-

94 2343 349 2441 μέναςπότερα
371 2353 459 2432 εἰκός
482 2353 553 2420 έστι
578 2356 789 2443 βουληθῆναι
810 2355 1010 2441 Κλεώνυμον
1034 2352 1171 2440 ἀνελεῖν,

95 2455 213 2544 ἐπειδὴ
236 2454 325 2544 πρὸς
344 2452 433 2543 ήμᾶς
455 2456 586 2535 οἰκείως
608 2455 710 2539 ἰσχεν,
732 2447 906 2546 ήσκοπεῖν
927 2451 1023 2538 ὅπως
1044 2458 1095 2528 ἐ’τι
1114 2466 1171 2546 βε·

92 2559 269 2645 βαιότερον
296 2553 385 2647 ήμᾶς
414 2552 640 2647 ἀποστερήσει
666 2561 733 2625 τῶν
762 2556 873 2626 αὑτοῦ.
920 2575 992 2639 τοῖς
1019 2562 1079 2647 μὲν
1106 2561 1225 2651 γὰρ’ίῦ
1283 2603 1287 2609 -

94 2657 212 2739 ἄλλοις
233 2654 391 2739 κάκείνων
412 2654 459 2727 ὦν
482 2651 523 2728 όίν
545 2654 864 2748 όργισθέντεςτοδς
891 2661 1034 2741 οἰκείους
1057 2657 1171 2753 ἀδική-

95 2784 201 2829 σωσιν
222 2755 359 2850 ὕστερον
380 2765 577 2847 μεταμέλει·
601 2756 695 2830 οὗτοι
716 2763 753 2830 δέ
768 2760 892 2831 ἐκεῖνον
910 2757 1169 2853 ἀποφαίνουσιν,

95 2863 131 2931 ἰν
153 2858 181 2950 ᾦ
203 2862 291 2953 πρὸς
307 2859 397 2952 ήμᾶς
412 2863 601 2932 οἰκειότατα
617 2864 768 2947 διέκειτο,
790 2867 917 2949 μᾶλλον
930 2871 1089 2951 βεβαιοῦν
1110 2867 1171 2955 τήν

94 2966 261 3055 διαθήκην
287 2965 504 3050 βουλόμενον,
531 2966 572 3054 ἣν
602 2961 812 3055 ὀργιζόμενος
841 2967 1035 3056 ἐποιήσατο.
1084 2963 1166 3037 ὥστ’

95 3069 125 3135 εἰ
152 3072 209 3136 καὶ
236 3065 333 3156 ἡμεῖς
360 3064 628 3157 ὁμολογήσαιμεν
655 3072 762 3136 ταῦτα
788 3072 844 3137 καὶ
872 3067 967 3155 ὑμεῖς
990 3065 1085 3138 αὐτοὶ
1110 3096 1170 3140 πι-

95 3171 278 3252 στεύσαιτε,
302 3169 509 3255 ἐνθυμεῖσθε
529 3164 583 3239 ότι
604 3171 795 3258 παράνοιαν
818 3166 919 3240 αἰτοῦ
939 3172 999 3262 τήν
1013 3180 1170 3263 μεγίστην

164 3403 343 3476 Βᾶρχονίδην
360 3407 409 3461 del.
427 3409 497 3475 nbr„
521 3408 590 3477 quod
610 3409 721 3475 explicat
737 3405 838 3478 εἰρχονκἱ
857 3405 897 3475 δλ,
917 3405 1086 3481 Ἀρχωνίδην
1103 3411 1170 3477 Αίδ,

92 3486 212 3562 ἄρχοντα
229 3491 309 3545 Iones
327 3521 361 3533 -
377 3488 572 3563 ἄπεμιμφενΑ
590 3509 638 3561 με,
655 3508 719 3546 corr.
735 3493 756 3558 1,
773 3488 931 3564 ἀποπέμψει
949 3493 979 3555 0.
1033 3493 1077 3548 16.
1095 3497 1110 3547 3
1131 3495 1169 3546 tit.

92 3578 119 3629 in
144 3576 233 3644 ιαμ
257 3605 292 3615 -
313 3580 454 3630 4votvvv:
477 3575 623 3639 τοίτωνο
649 3607 682 3616 -
705 3573 893 3650 κηφήσανδροε
910 3579 939 3644 Α,
961 3578 1024 3631 item
1042 3581 1083 3644 28,
1102 3581 1116 3631 2
1135 3607 1170 3648 ·.·

92 3655 203 3728 τῆξαι
220 3658 250 3720 ο.
333 3660 373 3715 ιε.
396 3665 405 3713 ι
429 3659 481 3716 τὸν
502 3661 640 3734 τλῆμον
664 3692 697 3702 -
721 3647 832 3717 §afim
848 3663 909 3717 Bk:
927 3656 1000 3717 οὕτω
1018 3693 1052 3702 -
1070 3667 1085 3715 ι
1103 3667 1170 3734 βρι-

91 3749 148 3811 χίο.
166 3745 196 3798 Α.
266 3745 308 3801 18.
327 3748 342 3798 2
358 3749 555 3812 μετεπέμ..το
571 3746 594 3797 Α
612 3763 659 3815 μα,
677 3763 740 3800 corr.
760 3752 788 3809 13
805 3748 866 3800 item
885 3748 901 3815 5
919 3751 961 3814 21,
978 3752 995 3801 4
1012 3776 1046 3788 -·
1064 3751 1080 3802 4
1097 3766 1170 3819 γινο-

90 3833 175 3898 μέναι
192 3828 215 3880 Α
232 3856 266 3868 -
284 3831 298 3880 ‘1
317 3822 520 3903 ἀποστερήσητε
538 3845 588 3882 em.
605 3830 679 3884 Turr.
733 3831 776 3886 1⁹.
795 3835 809 3884 5
827 3825 844 3896 ἢ
860 3831 884 3882 Α
901 3847 947 3898 pn,
967 3825 1002 3897 ἢν
1020 3848 1083 3886 corr.
1103 3837 1115 3887 l
1135 3862 1170 3872 -

92 3919 157 3984 δερ.
176 3909 377 3985 ὁμολογήσομεν
394 3919 421 3967 εί
442 3911 627 3968 πιστεύσοντας
646 3931 695 3972 em.
712 3914 774 3970 Rsk.
793 3945 826 3954 -
844 3920 858 3967 '1
877 3899 953 3969 οὗτοι
969 3914 1020 3983 τὴν
1036 3922 1170 3989 μεγίστην

93 3994 176 4052 αἰετοῦ
193 3998 223 4060 Q.
