2626 4476
149 229 189 289 14
638 230 745 284 ΙΣΑΙΟΥ
1155 248 1192 289 or.
1211 248 1230 290 ι.

146 399 317 490 εὑρήσετε,
345 399 483 477 τούτους
512 399 548 465 δέ
577 403 633 466 νύν
661 399 721 483 μέν
751 391 1048 483 ἀναισχυντοῦντες
1081 402 1138 466 καὶ
1167 399 1230 487 τὴν

146 502 334 591 οἰκειότητα
355 504 412 568 καὶ
433 499 493 588 τήν
517 494 707 587 ἀγχιστείαν
729 502 895 588 λέγοντας,
918 493 972 569 δτι
991 500 1170 590 λήψεσθαί
1192 528 1228 569 τι

145 605 394 694 προσδοκῶσιν·
420 602 453 670 έν
476 603 513 669 δὲ
535 605 583 688 τῷ
609 603 726 669 δοῦναι
748 601 895 680 πολλοὺς
918 593 958 669 ἀν
979 607 1036 670 καί
1059 617 1228 691 συγγενεῖς

144 711 201 774 καὶ
223 708 342 796 φίλους
365 705 489 772 ἐκείνου
511 706 711 793 προείλοντο
734 703 963 792 οἰκειοτέρους.

93 822 131 878 48
231 807 427 896 Κεφάλαιον
451 807 487 873 δὲ
508 809 575 873 τῶν
598 806 787 896 εἰρημένων,
811 801 986 893 ηὑπάντας
1006 804 1094 892 ὑμᾶς
1116 829 1227 893 προσ-

145 915 229 994 έχειν
260 910 312 976 δεῖ
339 907 397 976 τδν
428 911 519 975 νοὺν·
554 901 624 995 ὅσῳ
652 907 716 996 γὰρ
746 898 786 975 άν
814 912 919 976 ταῦτα
953 911 1102 996 λέγοντες
1136 903 1227 976 ἀπο-

144 1018 293 1101 φαίνωσι
314 1013 371 1078 καὶ
393 1012 579 1098 πειρῶνται
600 1014 739 1076 πείθειν
765 1005 853 1094 ὑμᾶς
875 1006 920 1090 ῶς
943 1009 1066 1089 ἐκεῖνος
1088 1011 1225 1077 διέθετο

143 1108 344 1190 ταύταςτὰς
367 1110 534 1198 διαθήκας
556 1114 613 1178 καὶ
628 1105 850 1179 ούδεπιύποτε
871 1105 1009 1201 ύστερον
1033 1105 1123 1199 αὑτῶ
1144 1137 1226 1196 μετ-

144 1216 291 1303 εμέλησε,
307 1216 364 1280 καὶ
379 1216 435 1280 νύν
450 1213 510 1296 μὲν
526 1212 680 1298 ἐβούλετο
693 1209 781 1302 ἡμᾶς
791 1214 894 1302 μηδὲν
905 1217 971 1281 τῶν
985 1209 1086 1280 αὑτοῦ
1098 1216 1224 1299 λαβεῖν,

92 1331 130 1387 49
145 1323 245 1405 σφίσι
260 1308 292 1381 δ’
317 1309 429 1393 αὑτοῖς
451 1319 640 1400 βεβαιῶσαι
660 1314 720 1403 τήν
743 1315 881 1403 δωρεάν,
903 1319 959 1382 καὶ
981 1319 1087 1382 ταῦτα
1110 1314 1225 1383 πάντα

144 1423 295 1507 λέγοντες
316 1421 372 1486 καὶ
389 1417 667 1506 διισχυριζόμενοι
681 1418 862 1506 μηδέτερον
878 1411 1109 1508 ἀποφαίνωσι,
1131 1412 1221 1507 μήθ’

142 1520 188 1601 ῶς
212 1522 371 1610 ἐγγυτέρω
399 1525 447 1608 τῶ
475 1525 563 1606 γένει
591 1520 799 1608 προσήκουσι
826 1515 914 1610 μήθ’
947 1517 993 1599 ῶς
1023 1520 1225 1609 οἰκειότερον

141 1621 235 1712 ήμῶν
264 1622 352 1710 πρὸς
377 1622 577 1706 Κλεώνυμον
606 1623 781 1716 διέκειντο,
811 1618 906 1706 ὑμεῖς
933 1621 1140 1707 ἐνθυμεῖσθε
1169 1616 1224 1690 δτι

143 1718 267 1793 ἐκείνου
289 1728 537 1814 κατηγοροῦσιν,
562 1717 639 1791 ἀλλ’
660 1717 719 1807 οὑχ
734 1720 780 1804 ῶς
796 1724 925 1792 δίκαιόν
941 1724 1014 1791 ἐστι
1027 1723 1065 1791 τὸ
1083 1729 1225 1813 πρᾶγμα

89 1834 128 1890 50
143 1825 358 1894 διδάσκουσιν
379 1821 475 1909 ὑμᾶς.
520 1818 610 1890 ῶσθ>
636 1821 730 1909 ὑμεῖς
753 1817 834 1892 όταν
850 1826 911 1909 μέν
925 1839 997 1904 τοῖς
1012 1825 1139 1893 τούτων
1163 1827 1221 1895 λό-

141 1954 213 2016 γοις
236 1927 424 2016 πιστεύητε,
448 1919 486 1993 ού
508 1926 646 2004 τούτους
667 1927 831 2015 προσήκει
853 1931 997 2016 ποιήσαι
1015 1931 1081 1994 τῶν
1097 1926 1224 1996 ἐκείνου

141 2029 374 2120 κληρονόμους,
398 2021 484 2094 ἀλλά
509 2027 700 2117 παράνοιαν
716 2028 917 2113 Κλεωνύμου
932 2029 1221 2116 καταγιγνώσκειν,

142 2125 223 2206 ὅταν
247 2132 283 2198 δὲ
305 2145 376 2208 τοῖς
396 2125 581 2218 ἡμετέροις,
605 2127 729 2198 ἐκεῖνόν
750 2155 787 2197 τε
810 2131 954 2214 νομίζειν
972 2123 1087 2219 ὀρθῶς
1101 2137 1222 2217 βεβου-

143 2239 289 2302 λεῦσθαι
312 2235 410 2300 λῦσαι
431 2231 492 2311 τὰς
514 2232 682 2321 διαθήκας
700 2233 914 2318 βουλόμενον,
934 2229 1023 2320 ήμᾶς
1043 2259 1081 2301 τε
1100 2234 1146 2322 μή
1164 2258 1223 2303 συ·

90 2343 125 2399 51
142 2349 320 2425 κοφαντεῖν
344 2327 428 2400 ἀλλά
451 2334 590 2412 δικαίως
615 2334 742 2401 τούτων
764 2328 998 2424 ἀμφισβητεῖν.
1042 2334 1172 2415 ἔπειτα,
1194 2364 1222 2405 ω

143 2434 275 2526 ἀνδρες,
303 2435 509 2520 ἐνθυμεῖσθε
532 2429 585 2503 ότι
608 2429 665 2519 οὑχ
688 2435 818 2503 οἷόντε
840 2432 918 2519 ὑμῖν
942 2435 1014 2503 ἐστι
1035 2437 1120 2505 κατὰ
1142 2437 1222 2518 τοὺς

140 2540 267 2630 τούτων
290 2537 408 2624 λόγους
428 2540 552 2624 γνῶναι
580 2540 659 2625 περὶ
690 2531 809 2604 αὑτῶν.
854 2537 990 2605 πάντων
1016 2537 1079 2625 γάρ
1104 2529 1144 2606 ἀν
1169 2541 1220 2630 ε’ίη

142 2641 343 2721 δεινότατον,
370 2639 400 2706 εἰ
421 2642 489 2706 τῶν
512 2632 688 2705 ἀντιδίκων
709 2639 957 2726 γιγνωσκόντων
978 2635 1067 2728 ήμᾶς
1089 2640 1222 2710 δίκαιον

142 2739 228 2810 εἶναι
249 2741 287 2808 τδ
311 2745 411 2828 μέρος
434 2732 542 2805 αὑτῶν
565 2740 694 2824 λαβεῖν,
721 2736 815 2824 ὑμεῖς
838 2733 965 2808 ἅπαντ’
992 2735 1113 2819 αύτούς
1134 2741 1220 2826 ἐχειν

141 2846 377 2932 ψηφίσαισθε,
410 2843 466 2908 καὶ
493 2839 630 2918 τούτους
657 2841 718 2925 μὲν
746 2837 936 2930 ἡγήσαισθε
961 2846 1081 2930 χρῆναι
1110 2846 1220 2912 πλείω

142 2947 256 3029 λαβεῖν
284 2936 331 3008 ῶν
359 2935 456 3009 αὑτοὶ
485 2945 576 3032 σφᾶς
604 2936 722 3023 αύτούς
754 2937 918 3032 ήξίωσαν,
951 2939 1039 3032 ήμάς
1067 2944 1104 3011 δέ
1134 2945 1220 3035 μηδέ

139 3045 267 3114 τούτων
289 3037 470 3123 ἀξιώσαιτε
492 3038 538 3111 ῶν
561 3046 594 3112 οὑ
617 3037 780 3113 ἀντίδικοι
802 3049 1026 3133 συγχωροῦσιν
1047 3042 1138 3133 ἡμῖν.

209 3270 224 3318 5
243 3269 289 3318 καί
306 3269 365 3319 ante
376 3267 545 3338 συγγ.οω.Α
564 3296 597 3306 -
615 3271 801 3339 ὅπροιίχοντο
814 3266 844 3327 Q.
900 3267 944 3324 4⁸.
957 3271 972 3320 2
986 3263 1029 3319 δεῖ
1041 3269 1216 3339 προσέχεινθ

139 3382 173 3392 -
184 3348 289 3420 μᾶλλον
305 3356 366 3419 post
383 3346 418 3404 ἀν
435 3351 493 3406 εδδ.
505 3351 564 3406 Dbr.
582 3382 615 3391 -
633 3351 735 3404 ταύταν
754 3351 782 3407 ft.
794 3345 837 3402 ἀεὶ
853 3345 942 3404 ταύτὰ
959 3382 992 3390 -
1010 3357 1027 3407 4
1044 3350 1121 3420 αὑτῷ
1139 3346 1216 3407 ὑστε·

139 3457 188 3508 ρον
205 3438 226 3498 Q
243 3467 278 3476 —
296 3441 311 3490 5
329 3430 397 3488 ἀλλὰ
418 3441 477 3489 ante
499 3440 545 3489 καὶ
566 3435 624 3490 εδδ.
641 3436 712 3489 Blass
736 3464 770 3475 —
786 3437 838 3502 μὲν
855 3442 916 3504 post
937 3429 1004 3505 ἡμᾶς
1020 3437 1112 3492 colloc.
1130 3438 1168 3504 0,
1186 3439 1216 3491 st.

139 3523 190 3589 leg.
207 3515 313 3589 μόνους.
382 3520 428 3576 49.
446 3524 461 3574 2
481 3518 602 3593 λέγοντες
612 3523 658 3572 καί
670 3520 720 3575 del.
734 3521 806 3574 Gob.:
826 3524 871 3573 καί
884 3521 969 3576 απυδ
986 3537 1033 3588 pr„
1049 3522 1113 3576 inv.
1131 3522 1213 3577 εδδί

139 3635 173 3646 -
191 3600 368 3674 ἀποφήνωσιν
387 3621 436 3659 em.
455 3604 573 3659 Schoem.
592 3636 623 3644 —
640 3599 712 3673 μήθ’
733 3603 793 3658 Bk:
812 3603 851 3673 μὴ
869 3599 923 3658 δ’.’
980 3604 1058 3661 50.1
1078 3600 1148 3659 ὅταν
1163 3607 1216 3675 μίν

139 3690 223 3752 0ωο
241 3719 275 3729 -
293 3693 309 3743 3
326 3686 483 3759 κλιιύνυμὺν
495 3691 524 3752 Q.
592 3689 637 3746 51.
656 3692 671 3742 2
688 3684 788 3756 ἡμῖνΑ
805 3719 839 3729 -
857 3695 872 3744 5
890 3686 963 3757 ὑμεῖς
979 3689 1063 3751 ουκθ
1082 3719 1116 3729 -
1134 3694 1214 3760 6sqq.

138 3773 312 3845 ψηφίσεσθε,
329 3770 474 3848 ἡγήσεσθε,
493 3768 638 3841 ἀξιῶσιντεε
657 3789 706 3827 κω.
724 3773 772 3829 Bk.
