2626 4476
55 257 136 300 0612
422 240 424 244 ⁴
447 237 532 289 ΥΠΕΡ
550 237 744 291 ammiror.
1072 238 1130 299 141

56 402 105 476 δι’
134 401 254 484 αύτούς
274 399 466 494 Ἀθηναίων
487 407 680 492 γεγονότων.
727 411 775 493 τηῖ
797 413 909 474 τοίνυν
930 411 1036 497 πατρὶ
1058 410 1135 477 τού-

55 537 124 578 των
148 503 321 594 ούὸέτερον
342 504 501 594 ύπάρχει·
523 507 655 597 γνήσιοι
677 509 737 593 μέν
758 507 822 595 γάρ
846 503 936 596 αύτῷ
956 506 1053 598 ἡμεῖς
1075 511 1134 579 δύο

55 615 141 690 υἱεῖς
164 611 271 696 ἐσμεν,
296 604 381 678 ὥστε
404 604 463 676 ούκ
485 607 525 677 άν
546 636 583 697 γε
606 604 654 678 6³
680 609 819 699 ἐρημίαν
844 616 961 679 τοῦτον
984 612 1135 680 εἰσεποι-

58 729 139 783 εῖτο.
184 707 269 779 ἀλλὰ
292 712 356 799 μὴν
385 706 461 779 0666
482 716 610 800 τροφῆς
630 737 667 778 τε
688 714 743 779 καὶ
766 707 927 799 εὐπορίας
954 719 1013 803 τῆς
1038 713 1170 802 πυράς

56 816 177 883 τούτου
201 814 372 897 δεόμενος·
397 813 467 880 ἐστι
489 813 552 900 γὰρ
576 807 666 899 αύτῷ
686 814 789 898 (βίος)
811 814 932 896 ἱκανός,
958 819 1015 882 καί
1036 818 1137 904 χωρίς

58 917 178 985 τούτου
200 915 451 1042 μεμαρτύρηται
472 912 549 1001 ύμῖν
571 920 689 983 τοῦτον
711 914 746 982 ἐκ
768 916 901 984 παίδων
927 923 1059 1007 τρέφων
1080 921 1137 986 καὶ

58 1014 171 1086 ἆσκων
199 1021 255 1085 καὶ
285 1016 333 1095 εἷς
361 1017 464 1101 (τοὺς)
493 1018 662 1136 φράτερας
690 1017 848 1104 εἰσάγων,
877 1022 933 1086 καὶ
963 1024 1068 1088 ταῦτα
1099 1015 1136 1087 ού

58 1119 161 1208 μικρά
192 1118 459 1238 δαπανήματά
445 1142 545 1186 εστιν.
596 1112 682 1186 ω’στε
709 1117 769 1186 τὸν
798 1118 855 1208 [τε]
884 1118 1063 1210 πατέρα(
1043 1126 1138 1209 ημων

60 1217 119 1291 ούκ
142 1221 229 1300 εἰκάς
251 1207 406 1301 ἐστιν,
380 1248 406 1287 ω
431 1216 548 1308 ἄνδρες
571 1221 742 1303 δικασταί,
770 1222 872 1310 μηδὲν
903 1217 1137 1311 ὠφελούμενον

60 1319 167 1403 ούτως
189 1318 247 1391 666
234 1331 293 1410 ίκιν
316 1323 489 1409 πράγματι
512 1323 733 1411 ἐπιχειρησαι.
785 1319 870 1391 ἀλλὰ
891 1324 957 1412 μὴν
980 1320 1051 1393 066'
1079 1327 1172 1411 ἐμέ4

60 1451 97 1514 γε
120 1419 230 1503 ούδεὶς
253 1387 447 1511 ἀνθρώπων
470 1418 576 1503 ούτως
597 1416 762 1503 τελέως
741 1452 781 1491 αν
804 1422 937 1514 άηνρονα
958 1424 1137 1513 ὑπολάβοι,

61 1522 150 1596 ὥστε
171 1527 278 1614 ταύτην
306 1541 485 1614 μαρτυρεῖν
507 1526 549 1593 τὰ
572 1527 696 1615 ψευδῆ,
718 1520 821 1606 -ύπως
843 1527 884 1595 τὰ
914 1534 1059 1617 πατρῷα
1081 1531 1138 1598 διὰ

62 1628 229 1698 πλειόνων
252 1629 486 1713 διανείμωμαι.
536 1627 677 1716 καὶγὰρ
700 1623 775 1696 066³
802 1623 1059 1720 ἀμφισβητῆσαί
1079 1659 1140 1717 μοι

63 1732 199 1812 ἐξουσία
226 1724 348 1818 γίνοιτ’
375 1722 415 1798 άν
445 1725 583 1820 ύστερον
605 1728 650 1810 ιῦς
673 1725 731 1798 ούκ
760 1731 850 1800 ἐστιν
874 1727 1021 1823 ἀδελφὸς
1043 1730 1140 1815 οὗτος
1198 1754 1200 1759 ·

63 1833 160 1954 ἐμοῦ·
192 1827 302 1910 ούόεὶς
328 1831 391 1919 γὰρ
421 1823 461 1899 άν
489 1830 581 1917 ὑμῶν
611 1831 670 1921 την
692 1831 803 1922 (ἐμὴν)
825 1834 940 1924 φωνὴν
963 1830 1136 1920 ἀνάσχοιτ’

63 1926 105 2002 άν
128 1928 266 2015 άκούων,
288 1933 408 2019 (εἰ)
370 1961 426 2000 νυν
447 1935 508 2018 μέν
522 1931 715 2001 ύπύόικον’
701 1933 844 2019 εμαυτόν
865 1936 1033 2015 καθιστάς
1054 1965 1140 2026 μαρ-

63 2063 150 2157 τυρω
182 2033 227 2114 ὡς
255 2036 345 2103 ἐστιν
369 2030 516 2125 ἀδελφὸς
537 2030 751 2158 ημέτερος,
738 2031 876 2160 ύστερον
899 2039 935 2105 66
957 2046 1141 2130 φαινοίμην
1199 2071 1203 2079 ’

62 2138 196 2214 τούτοις
218 2131 406 2222 άντιλέγων.
451 2132 488 2205 ού
510 2138 613 2223 μόνον
634 2146 746 2206 τοίνυν
766 2136 868 2227 ἡμᾶς,
898 2127 924 2207 ὦ
948 2137 1064 2230 ἄνδρες
1086 2142 1137 2210 δι·
1155 2161 1174 2217 5

62 2244 195 2319 κασταί,
219 2237 306 2316 εἰκός
328 2237 400 2306 ἐστι
413 2232 547 2328 τάληθῆ
568 2247 861 2330 μεμαρτυρηκέναι,
884 2237 1039 2311 ἀλλὰκαὶ
1061 2243 1139 2324 τοὺς

64 2339 187 2419 ἄλλους
216 2355 389 2427 συγγενεῖς.
442 2341 656 2432 ἐνθυμήθητε
683 2342 745 2430 γάρ
773 2349 910 2432 πρῶτον
937 2340 1045 2431 μὲν“
1025 2374 1078 2415 οτι
1105 2350 1139 2416 οἱ

63 2442 124 2522 τὰς
148 2437 298 2531 ἀδελφάς
317 2439 412 2529 ἡμῶν
435 2443 563 2526 ’ἔχοντες
584 2439 643 2511 ούκ
665 2439 706 2511 άν
727 2470 811 2512 ποτε
835 2445 1037 2534 ἐμαρτύρουν
1059 2453 1139 2536 περὶ

63 2546 182 2612 τούτου
197 2543 239 2612 τὰ
261 2545 386 2633 ψευδῆ·
409 2544 553 2634 μητρυιά
574 2544 637 2634 γάρ
659 2544 678 2633 ἡ
701 2546 820 2613 τούτου
842 2547 948 2670 μητηρ
970 2547 1137 2672 ἐγεγένητο

63 2663 138 2725 ταῖς
159 2643 334 2734 ημετέραις
350 2641 522 2737 ἀδελφαῖς,
546 2648 693 2716 εἰώθασι
715 2649 752 2716 66
766 2674 841 2728 πως
856 2675 902 2728 ως
923 2648 1030 2718 ἐπὶ
996 2678 1033 2719 το
1050 2651 1137 2719 πολύ

65 2752 294 2875 ιλιαφέρεσθαι
324 2743 545 2837 ἀλλήλαιςί
514 2752 552 2817 αι’
576 2776 612 2818 τε
640 2753 808 2850 μητρυιαὶ
820 2754 876 2819 καί
900 2753 935 2819 αἱ
961 2753 1138 2842 πρόγονοι·

63 2874 152 2918 ωστε
174 2851 204 2917 εἰ
223 2845 324 2929 οὗτος
347 2849 384 2929 εξ
404 2848 506 2918 άλλου
533 2851 625 2931 τινὸς
649 2846 806 2974 άνδρύς’
789 2880 828 2942 ην
856 2858 897 2941 τῇ
911 2859 1062 2974 μητρυιᾷ
1083 2860 1140 2924 καὶ

66 2948 122 3018 ούκ
145 2951 179 3018 ἐκ
201 2956 259 3019 τού
280 2948 441 3039 ἡμετέρου
463 2955 608 3038 πατρός,
633 2949 691 3021 ούκ
714 2949 754 3020 άν
775 2980 875 3036 ποτε,
899 2982 925 3022 ω
911 2942 1065 3045 ἄνδρες
1088 2958 1139 3024 ὀι-

152 3219 295 3276 5αύτούει
314 3230 375 3291 post
391 3240 403 3275 ε
419 3239 469 3277 ras.
487 3224 544 3276 infr.
563 3224 644 3277 1511AE
667 3254 701 3264 —
723 3223 809 3296 θγὰρ
826 3243 876 3281 om.
895 3227 914 3279 F
931 3245 978 3296 pr„
996 3229 1053 3283 add.
1072 3233 1087 3282 2
1106 3259 1140 3269 -

66 3307 153 3362 ῖυὶοὶ
165 3308 190 3360 Μ
207 3338 240 3346 -
257 3312 312 3362 ῖ.8
330 3309 501 3363 stammam:
519 3328 543 3362 οι
560 3312 575 3361 2
593 3325 656 3362 corr.
670 3325 690 3362 s.
708 3310 818 3364 οιῈῖῖ.
869 3311 923 3366 Μ
943 3307 1139 3384 ἀπορίοεΑΒΜ

65 3424 99 3433 -
112 3397 127 3446 2
140 3398 200 3461 βίου
211 3394 268 3446 add.
281 3393 342 3447 Rsk.
360 3423 393 3435 -
411 3390 503 3447 ἱκανὸς
514 3393 535 3447 Β
548 3410 585 3461 pr.
597 3400 624 3448 εί
636 3393 670 3459 Μ,
689 3393 789 3449 ἱκανῶς
800 3397 822 3450 Α
835 3402 862 3450 εί
873 3397 895 3449 Β
907 3413 980 3460 σου,
998 3395 1140 3451 imvm?

66 3507 99 3523 ι-
118 3483 132 3530 ³
151 3475 367 3548 μομορτύρητοιιε
379 3498 419 3546 ,με
437 3479 494 3534 add,
507 3480 572 3546 616,
589 3499 606 3545 η
624 3481 651 3532 λιι
663 3497 711 3533 ras.
725 3482 767 3534 Η
787 3512 820 3520 -
839 3487 854 3538 4
872 3479 935 3535 τούς
952 3482 1011 3537 add.
1021 3481 1140 3538 Schoem.

65 3590 100 3602 —-
118 3561 265 3635 φράτοραεε
283 3580 305 3617 s.
322 3582 355 3616 το
371 3579 421 3616 ras.
439 3563 458 3613 F
477 3593 509 3604 -
527 3570 542 3618 5
560 3583 591 3617 τε
608 3580 658 3617 om.
677 3565 761 3633 F{pr..
778 3566 835 3620 add.
854 3569 883 3620 2:
902 3566 957 3620 del.
976 3567 1008 3620 de
1026 3581 1093 3634 6100,
1109 3588 1141 3639 γε

65 3647 168 3700 Bekker
184 3677 219 3688 ·—
236 3651 251 3699 ’ί
269 3642 370 3700 οἷὸίκωε
389 3665 410 3701 s.
428 3667 451 3700 ω
470 3664 518 3702 ras.
537 3649 572 3702 Μ.
658 3650 684 3704 4.
704 3653 719 3703 2
737 3645 843 3705 ούθοὶει
865 3666 914 3705 em.
934 3652 1060 3718 Schoem„
1078 3655 1141 3707 item

66 3749 90 3784 v.
109 3737 125 3785 6
148 3761 183 3770 -·
207 3736 222 3786 3
240 3727 340 3800 ψωὸᾗε
359 3749 414 3790 που,
426 3749 446 3785 s.
464 3751 493 3788 ιο
512 3734 530 3786 F
554 3763 588 3773 -
605 3730 664 3787 ὃιάι
688 3732 758 3801 μετὰ
775 3735 888 3790 Hertlein
912 3766 944 3775 -
967 3741 984 3790 4
1003 3731 1141 3808 ἀμφισβη-

66 3822 150 3882 τησαί
159 3818 186 3882 F,
203 3822 240 3883 μη
258 3819 284 3870 in
302 3822 382 3872 πελ
401 3847 435 3858 -
453 3823 468 3872 5
487 3817 608 3880 ίξουοίαε
624 3818 651 3873 Μ
669 3835 707 3887 pr.
727 3849 757 3866 ,-
775 3813 900 3891 ἇέελφὸει
918 3816 968 3874 ἄδι
985 3823 1012 3875 in
1029 3840 1084 3882 ras..
1096 3825 1139 3879 Μ

66 3931 100 3939 -
118 3906 134 3956 6
152 3901 220 3969 ἐμὴν
243 3902 300 3955 add.
320 3903 423 3971 Sauppe
447 3933 480 3943 -
503 3904 560 3961 ’ίοῖ
584 3904 642 3957 add,
661 3903 783 3972 Sylburg.
851 3908 877 3963 ὅ.
899 3911 911 3960 1
929 3900 997 3974 ύμᾶε
1012 3909 1034 3961 Β
1051 3924 1089 3975 pr.
1107 3937 1141 3948 -

67 3990 81 4038 7
100 3982 225 4052 ἀλλήλων
242 3990 265 4040 Α
282 3995 310 4041 et
326 3988 412 4056 mg.B
429 4017 462 4040 -τ
482 3987 511 4040 οἱ
526 3985 669 4060 πρόγονοιι
689 4004 737 4045 em.
754 3989 817 4048 Bsk.
841 4020 875 4032 —
899 3995 914 4047 8
932 3992 957 4044 τί
974 4007 988 4046 e
1007 4007 1071 4050 εστι.
1088 3991 1141 4049 662
