2626 4476
12 237 14 240 ’
59 280 80 319 p,
94 267 127 309 ης,
348 248 424 302 nm
440 248 505 301 ΤΟΥ
521 248 707 302 ΑΣΤΥΦΙΛΟΥ
724 249 861 303 ΚΛΗΡΟΥ.
974 251 977 256 “
1075 251 1131 310 111

56 410 167 509 χρύνὲρ
189 418 274 508 μηδὲ
296 421 375 508 περί
404 417 478 497 ἑνὸς
502 412 601 485 αύτδν
629 421 695 485 τῶν
719 414 821 485 αύτού
848 420 1053 503 διαθέσθαι,
1081 414 1137 488 ὅτε

60 522 97 588 δὲ
119 519 156 588 τὸ
180 522 370 588 τελευταῖον
399 520 514 605 ἔμελλε
538 520 800 605 στρατεύεσθαι,
825 518 1004 610 ἐθελοντήν
1026 548 1063 589 τε
1085 521 1137 589 ἐκ·

58 626 207 690 πλέοντα
229 626 285 688 καὶ
306 621 454 706 μάλιστα
477 622 511 688 ἐκ
532 622 655 710 ταύτης
675 626 735 708 της
761 629 937 709 στρατείας
959 623 1137 704 ἐλπίζοντα

59 725 288 814 σωθήσεσθαι
310 763 350 772 -
373 728 447 802 πῶς
469 728 567 790 τοῦτο
583 723 706 790 πιστὸν
721 719 801 813 ήδη,·
822 763 865 773 -
887 724 948 804 τὰς
970 725 1137 814 διαθήκας

58 828 136 896 τότε
156 829 356 895 καταλιπεῖν
378 828 435 893 καλ
456 825 685 893 ἐκπλεύσαντα
706 829 919 914 τελεοτησαι,·

144 932 262 1017 Χωρλς
285 929 321 994 δέ
343 928 479 1010 τούτων,
502 916 528 993 ὦ
553 923 670 1015 ἄνδρες
692 929 857 1010 δικασταί,
885 929 935 997 ἐ’τι
955 929 1058 1014 μείζω
1080 955 1134 996 τε·
1150 941 1186 997 16

57 1032 182 1120 κμήρια
204 1030 395 1119 παρέξομαι
418 1026 464 1108 ὦς
486 1023 581 1097 οὐδὲν
604 1023 731 1119 ἀληθές
761 1032 912 1117 λέγουσιν
934 1025 1036 1099 οὗτοι.
1062 1029 1137 1098 ἐπι-

59 1133 157 1212 δείξω
178 1131 241 1221 γὰρ
264 1130 342 1218 ύμῖν
361 1131 529 1215 Ἰ’έγθιστον
546 1127 705 1198 ἁπάντων
727 1127 810 1199 ὄντα
831 1125 1033 1222 Άστύφιλον
1050 1135 1137 1199 Κλέ-

60 1261 130 1324 ωνι,
152 1238 208 1302 καὶ
225 1227 312 1302 ούτω
329 1234 463 1323 σφόδρα
484 1237 539 1300 καὶ
563 1234 702 1311 δικαίως
722 1238 885 1318 μισοῦντα
899 1240 1026 1317 τοῦτον,
1051 1228 1137 1301 ὥστε

57 1335 145 1404 πολύ
180 1327 220 1404 δν
248 1339 378 1403 θᾶττον
412 1336 613 1418 διαθέμενον
645 1335 772 1424 μηδένα
804 1338 889 1403 ποτὲ
918 1342 984 1404 τῶν
1018 1337 1138 1404 ἑαυτοῦ

59 1439 190 1507 οἰκείων
213 1428 439 1525 ’διαλεχθῆναι
460 1438 607 1519 Κλέωνι,
636 1439 763 1520 μᾶλλον
785 1429 806 1524 ἢ
827 1437 893 1506 τὸν
920 1439 1039 1505 τούτου
1063 1437 1136 1506 οἱδν

57 1540 297 1630 ποιησάμενον.
341 1534 550 1626 Εύθοκρύτει
579 1538 657 1627 γάρ,
681 1526 706 1605 ὦ
731 1536 863 1630 ἄνδρες,
890 1545 938 1628 τῷ
960 1544 1065 1624 πατρὶ
1085 1544 1134 1627 τῷ
1153 1554 1187 1609 17

56 1636 261 1730 Ἀστοφίλον
284 1641 392 1719 α’ίτιος
412 1646 573 1728 γενέσθαι
595 1644 725 1728 λέγεται
740 1645 800 1708 τοῦ
814 1642 967 1709 θανάτου
986 1642 1137 1710 Θούδιπ-

57 1770 125 1824 πος
148 1739 167 1812 δ
189 1745 343 1821 Κλέωνος
365 1745 498 1810 τουτουὶ
526 1742 654 1830 πατήρ,
679 1742 892 1829 αἰκισάμενος
915 1743 1038 1829 ἐκεῖνον
1062 1746 1137 1812 δια-

58 1849 169 1935 φορᾶς
190 1870 281 1923 τινος
304 1840 418 1923 αὐτοῖς
438 1849 614 1934 γενομένης
637 1844 671 1912 ἐν
693 1849 734 1934 τῇ
763 1846 898 1934 νεμήσει
922 1851 983 1914 τοῦ
1001 1854 1137 1935 χωρίον,

58 1951 113 2014 καί
136 1940 242 2026 ούτως
265 1941 366 2015 αύτδν
389 1948 598 2035 διατεθῆναι,
622 1940 708 2014 ὥστε
731 1947 766 2014 ἐκ
787 1952 854 2014 τῶν
876 1951 1011 2037 πληγῶν
1036 1944 1136 2016 αὐτὸν

59 2042 295 2138 ἆσθενήσαντα
317 2043 355 2116 ού
377 2050 522 2127 πολλαῖς
541 2045 682 2138 ήμέραις
703 2042 841 2137 ύστερον
857 2043 1057 2118 ἀποθανεῖν.
1087 2047 1133 2129 ιῧς
1149 2066 1187 2122 18
1222 2117 1224 2122 .

58 2150 95 2217 δὲ
123 2145 219 2218 ταῦτ>
248 2150 343 2218 έστλν
373 2145 500 2240 ἇληθή,
530 2150 613 2228 ἰ’σως
640 2151 700 2235 μὲν
728 2154 785 2217 καὶ
812 2146 1024 2241 Ἀραφηνίων
1053 2150 1133 2238 [καὶ]

57 2254 180 2320 πολλοὶ
207 2256 276 2320 τῶν
303 2251 379 2319 τότε
408 2251 698 2341 σογγεωργούντων
726 2253 971 2342 μαρτνρήσαιεν
995 2249 1035 2320 ὂῖν
1064 2279 1133 2338 μοι,

59 2353 239 2443 διαρρήδην
268 2354 304 2420 δέ
333 2356 412 2443 περὶ
441 2352 635 2440 τηλικούτου
658 2353 854 2441 πράγματος
876 2350 934 2422 ούκ
962 2346 1002 2422 δν
1025 2354 1134 2441 ἐ’χοιμι

58 2448 153 2533 ὅπως
174 2451 253 2540 ύμῖν
268 2461 513 2544 παρασχοίμην.
550 2457 606 2522 καί
627 2452 689 2541 γὰρ
713 2449 813 2522 αύτδν
827 2456 1036 2540 τυπτόμενον
1053 2455 1133 2522 ἰδδν

54 2552 222 2645 Ἱεροκλῆς,
246 2552 263 2624 δ
286 2555 324 2623 τὸ
348 2568 573 2643 γραμματεῖον
596 2548 735 2643 φύσκων
749 2550 833 2647 παρ)
852 2556 960 2644 ἑαυτῷ
980 2561 1133 2644 τεθήναι,

58 2652 124 2726 οἶδ’
150 2652 205 2728 ὅτι
227 2651 285 2725 ούκ
308 2649 348 2725 δν
371 2657 544 2746 ἐθελήσειε
564 2662 775 2745 μαρτυρήσαι
797 2657 930 2725 ἐναντία
958 2672 1033 2737 ταῖς
1059 2660 1133 2726 δια-

56 2760 181 2850 θήκαις
211 2759 264 2839 αῖς
293 2753 393 2838 αύτδς
423 2753 618 2848 ἀποφαίνει.
663 2753 777 2843 Ὅμως
805 2765 920 2845 μέντοι
952 2764 1009 2826 καὶ
1040 2759 1135 2829 κάλει

53 2857 223 2952 Ἱεροκλέα,
246 2862 302 2929 ἵνα
325 2861 475 2928 ἐναντίον
496 2860 622 2933 ,τούτων
643 2861 835 2951 μαρτνρήση
857 2852 878 2950 ή
900 2861 1111 2952 ἒξομύσηται.

490 2980 699 3039 ΕΞΩΜΟΣῙΑ.

140 3057 304 3152 Ἀκριβῶς
325 3065 385 3150 μὲν
411 3060 520 3152 ᾔδειν·
549 3068 610 3132 τοῦ
629 3063 692 3150 γὰρ
716 3059 817 3132 αὐτοῦ
839 3061 959 3154 ἆνδρύς
986 3067 1085 3151 ἐστιν,
1109 3068 1182 3136 31⁹

55 3168 116 3252 μὲν
139 3163 238 3249 οίδεν,
262 3166 477 3251 ἐξόμνυσθαι,
500 3169 567 3232 τῶν
590 3166 626 3232 δὲ
647 3165 691 3254 μή
715 3171 898 3253 γενομένων
920 3175 1038 3238 πίστιν
1054 3168 1132 3236 ἒθέ-

56 3270 127 3337 λειν
151 3267 326 3336 ἐπιθεῖναι
353 3254 373 3357 ή
396 3266 462 3357 μήν
484 3267 609 3335 εἰδέναι
630 3266 806 3354 γενόμενα·
835 3264 881 3345 ὡς
909 3270 961 3352 δέ,
984 3264 1041 3338 ὅτε
1064 3265 1132 3337 ἆπ-

142 3493 168 3544 δ.
187 3493 201 3541 7
220 3484 369 3540 ἐκπλέοντα
387 3487 457 3540 Dbr.:
480 3484 590 3540 ἐκπλεῖν
607 3487 649 3539 τῶ
671 3518 707 3527 -
732 3490 748 3540 8
766 3487 864 3540 τοῦτον
880 3488 938 3543 ΑΙδ.
961 3496 987 3543 et
1008 3492 1079 3558 vulg.
1097 3522 1131 3531 -—

54 3568 107 3639 ἤδη
124 3571 198 3626 Ald.:
215 3567 279 3639 ἤδει·
342 3571 385 3627 16.
405 3577 420 3626 5
437 3566 474 3624 ἂν
490 3572 563 3625 Dbr.:
582 3568 666 3637 δὴ-
685 3576 699 3624 7
718 3568 915 3641 ποιησόμενονε
934 3591 982 3628 em.
1001 3575 1062 3629 Rsk.

56 3654 95 3712 12.
115 3659 132 3710 2
149 3650 292 3725 δστυφίλω
310 3673 356 3724 με,
374 3660 466 3710 ωειλ
483 3687 519 3696 -
536 3659 588 3711 23
608 3652 776 3711 θούδιπποεε
795 3680 806 3710 ι
823 3659 849 3710 in
867 3663 944 3713 rasa
962 3661 1012 3713 litt.
1031 3677 1094 3714 corr.
1109 3665 1131 3725 1,

56 3743 96 3794 οἳ
108 3741 137 3794 in
153 3756 204 3795 m.
223 3756 287 3795 corr.
298 3744 322 3808 2,
340 3738 376 3793 θ’
390 3736 551 3795 οὐδ..ππ.”ο
568 3759 604 3810 pr.
656 3742 699 3798 18.
717 3745 732 3795 2
750 3740 905 3815 ρᾶφηνίανι
924 3761 972 3798 em.
987 3745 1086 3799 Palmer
1098 3776 1132 3786 -

56 3827 103 3878 καί
119 3824 170 3879 del.
183 3824 232 3882 Bk.
248 3855 284 3865 -
302 3822 529 3898 ὅμαρτυρήσιιαν
542 3825 618 3880 Schb.
637 3857 669 3866 -
688 3830 704 3880 6
722 3825 818 3881 ἑαυτοῦ
831 3847 877 3898 με,
889 3846 953 3883 corr.
965 3833 977 3883 1
990 3835 1051 3883 -7
1070 3829 1132 3883 έθε·

56 3904 135 3976 λήσηε
154 3925 204 3964 em.
216 3909 275 3963 Dbr.
293 3939 328 3950 -
345 3914 361 3964 9
379 3911 506 3965 ἐναντίαι
525 3927 573 3964 em.
586 3911 633 3964 Bk.
651 3941 683 3950 -
703 3908 913 3979 ίξομύ...σηται
932 3930 978 3981 pn,
996 3931 1060 3967 corr.
1073 3919 1132 3968 2-

59 3995 89 4047 10
107 3995 148 4048 tit.
165 3998 313 4066 μαρτυρίαι
332 4011 381 4048 em.
399 3995 471 4050 Turr.
