2626 4476
140 218 201 280 128
465 283 468 289 ,
622 224 730 278 {mor
1132 242 1214 286 οιιι.

138 395 309 480 θυγατέρα
336 388 437 459 αύτού
467 386 667 482 ἀδελφιδῆν·
702 393 732 461 εἰ
759 394 796 460 δέ
823 420 856 462 τι
889 398 944 463 καὶ
979 389 1060 484 αὐτή
1092 394 1214 478 πάθοι,

140 494 311 562 Γλαύκωνι
333 493 375 561 τά
403 489 484 562 όντα
513 494 633 577 ίδίδου,
665 488 801 584 άδελφηῑ
823 492 896 564 όντι
918 493 1131 586 ὁμομητρίῳ·
1161 501 1214 566 κοιλ

106 589 235 662 θταύτ>
262 595 295 663 55
326 596 506 685 διαθήκαις
535 595 708 686 ἐνέγραψε.
757 598 885 688 χρόνων
915 599 950 666 δὲ
977 599 1215 687 διαγενομένων

139 696 223 783 μετὰ
245 702 351 766 ταῦτα
372 701 509 789 τελευτᾷ
530 700 589 785 μὲν
612 693 826 790 Εὐβουλίδης,
848 702 986 789 τελευτᾷ
1008 694 1041 768 δὶ
1065 697 1086 790 5
1109 702 1216 787 θυγά-

139 826 199 890 τηρ
222 799 261 889 55
284 799 469 888 ἐποιήσατο
483 797 625 889 Ἁγνίας,
649 801 811 888 λαγιβάνει
833 802 869 869 55
889 801 948 870 τδν
969 805 1089 892 κλῆρον
1112 810 1144 869 Γ
1142 804 1216 871 λαύ-

139 928 205 970 κιυν
225 901 310 970 κατά
332 901 392 992 τήν
415 904 589 993 διαθήκην.
626 900 723 993 ἡμεῖς
742 898 773 970 δ’
792 897 1008 973 οὐδεπώποτ’
1026 899 1216 994 ἠξιώσαμεν

141 997 396 1095 άμφισβητήσαι
418 1005 505 1095 πρὸς
531 1005 592 1084 τὰς
615 1005 739 1074 ἐκείνου
762 1006 945 1094 διαθήκας,
973 999 1048 1073 ἄλλ’
1075 1001 1215 1094 ᾠόμεθα

142 1106 210 1174 δεῖν
232 1110 310 1195 περὶ
334 1111 400 1174 τών
417 1104 518 1175 αὐτού
532 1107 592 1198 τήν
615 1107 739 1175 ἐκείνου
761 1108 893 1198 γνώμην
910 1105 996 1176 εἶναι
1012 1115 1140 1197 κυρίαν,
1163 1112 1214 1178 καὶ

140 1208 271 1286 τούτοις
294 1207 439 1294 όνεμένογ
439 1234 496 1276 ιεν.
540 1205 560 1298 5
585 1203 617 1275 δ’
644 1204 848 1296 Εὐβουλίδου
871 1210 1022 1300 θυγάτηρ
1044 1210 1130 1296 μετὰ
1152 1215 1215 1278 τών

141 1303 223 1431 αὐτη
247 1310 530 1433 συμπραττόντων
560 1311 714 1398 λαγχάνει
736 1315 796 1379 τού
820 1311 940 1401 κλήρου
969 1315 1024 1379 καλ
1055 1313 1214 1399 λαμβάνει

141 1411 304 1500 νικήσασα
325 1411 403 1491 τούς
424 1412 508 1480 κατὰ
529 1411 589 1500 555
613 1407 819 1503 διαθήκην
801 1442 821 1481 α
822 1414 1151 1542 μηισβητήσαντας,
1155 1415 1214 1495 έξω

140 1514 199 1599 μὲν
222 1501 306 1581 ούσα
327 1519 386 1604 της
415 1509 563 1602 άγχιστεί
565 1541 619 1597 ας,
652 1514 716 1582 ἒλπ
718 1510 886 1598 ίσ,ασαδ
917 1513 964 1595 ώς
986 1516 1102 1600 έοικεν,
1131 1514 1215 1606 ήμᾶς

140 1615 227 1704 πρὸς
243 1610 346 1706 αὐτὴν
361 1611 419 1684 οὐκ
434 1611 709 1706 55555555555⁰
690 1644 744 1685 οτι
759 1611 836 1684 οὐδὲ
858 1617 946 1706 πρὸς
968 1617 1028 1697 τὰς
1051 1618 1215 1706 διαθήκας

89 1732 126 1789 1⁰
141 1711 455 1808 ήμφεσβητήσαγιεν.
498 1716 594 1809 ἡμεῖς
618 1718 701 1807 δέ,’
687 1719 749 1807 εγώ
772 1722 828 1787 καί
850 1726 1012 1805 Στρατίος
1033 1724 1088 1788 καὶ
1112 1727 1215 1811 Στρα-

140 1821 267 1907 τοκλής,
291 1819 407 1909 ἐπειδή
430 1836 502 1900 τοῖς
525 1821 684 1909 ἐγγύτατα
706 1826 819 1908 γένους
842 1820 1008 1911 ἐγεγένητο
1026 1818 1212 1901 ἐπίδικοςύ

140 1923 268 2012 κλῆρος,
291 1922 613 2011 παρεσκευαζόμεθα
628 1917 775 2002 άπαντες
797 1923 986 2011 λαγχάνειν·
1009 1927 1092 2013 πρὶν
1108 1926 1145 1992 δὲ
1165 1951 1215 2013 γε·

142 2029 264 2093 νέσθαι
291 2024 352 2103 τὰς
375 2026 484 2111 λήξεις
504 2029 572 2091 τών
595 2025 695 2092 δικών
716 2021 795 2114 ήμῖν
823 2027 960 2114 τελευτᾷ
987 2026 1047 2110 μὲν
1070 2023 1088 2093 5
1112 2033 1214 2115 Στρα-

141 2132 225 2210 τίος,
254 2128 391 2216 τελευτᾷ
420 2121 451 2194 δ’
477 2123 494 2195 5
519 2128 741 2215 Στρατοκλῆς,
772 2130 934 2212 λείπομαι
965 2121 997 2194 δ’
1025 2126 1088 2216 ἐγώ
1117 2129 1216 2214 μόνος

141 2231 207 2295 τών
236 2227 321 2314 πρὸς
350 2228 480 2318 πατρὸς
502 2219 548 2295 55
572 2222 714 2315 άνειγιού
736 2242 834 2310 παῖς,
864 2224 892 2317 ᾦ
920 2231 1012 2317 μόνην
1034 2230 1120 2299 κατὰ
1143 2229 1216 2308 τούς

142 2328 262 2413 νόγιους
292 2329 434 2417 ἐγίγνετο
467 2327 487 2420 ἡ
515 2332 732 2422 κληρονομία,
762 2330 899 2399 πάντων
927 2328 990 2422 ήδη
1020 2337 1087 2400 τών
1110 2328 1216 2400 άλλων

141 2427 391 2516 ἐκλελοιπότων,
419 2438 453 2501 οἳ
479 2428 601 2502 ταύτὸν
630 2434 703 2519 ἐμοὶ
732 2438 774 2522 τή
797 2441 966 2554 συγγενείᾳ
995 2434 1216 2523 προσήκοντες

90 2547 122 2601 11
141 2530 323 2620 ἐτύγχανον.
373 2562 420 2622 τῳ
451 2537 486 2603 δὲ
514 2537 687 2624 γνώσεσθε
714 2529 828 2618 τοῦθ’,
851 2528 904 2604 ότι
934 2534 1007 2620 ἐμοὶ
1037 2537 1098 2620 μὲν
1128 2530 1215 2662 ἄγχι-

142 2635 278 2714 στεύειν,
300 2652 373 2717 τοῖς
396 2599 425 2704 δ’
445 2636 515 2717 55³
502 2645 568 2705 εκεί
569 2664 634 2705 νιον
655 2637 826 2725 γεγονόσιν
841 2631 899 2705 οὐκ
921 2625 970 2764 55,
994 2636 1028 2705 ίν
1048 2632 1162 2718 οἷς
1122 2662 1216 2716 ουτος

142 2734 158 2804 5
183 2752 266 2816 παῖς
287 2725 345 2827 ήν,·
368 2732 468 2818 αὐτὸς
490 2736 507 2806 5
526 2739 561 2807 55
564 2765 627 2824 μσς
651 2739 802 2830 δηλώσει
839 2738 877 2807 τό
901 2738 1039 2826 μὲνγὰρ
1055 2737 1215 2828 ελναιτην

142 2832 289 2925 άγχιστεί
291 2867 329 2906 αν
353 2835 508 2962 άνεψιρῖς
530 2841 617 2929 πρὸς
640 2840 768 2930 πατρὸς
790 2847 885 2963 μέχρι
908 2836 1059 2928 άνειγιών
1086 2849 1153 2910 παί
1140 2843 1215 2910 ίδων

142 2935 354 3028 ὁμολογεῖται
376 2941 470 3030 παρὰ
493 2941 645 3009 πάντων·
670 2969 698 3011 ει
690 2943 759 3009 ’55
780 2937 923 3028 μεθγ
889 2940 1040 3070 ήμάςί
1006 2944 1126 3014 δίδωσι
1149 2957 1215 3021 τοις

140 3038 313 3130 ἡμετέροις
341 3051 459 3125 παισί,
489 3039 581 3111 τοῦτ’
612 3041 674 3134 ήδη
705 3044 907 3112 σκεπτέον
893 3052 974 3113 εστί.
1031 3046 1134 3130 Λαβὲ
1161 3043 1215 3112 οὐν

144 3137 256 3222 αὐτοῖς
278 3143 336 3210 τδν
359 3144 461 3230 νόμον
482 3149 539 3213 καὶ
562 3141 793 3235 ἆναγίγνωσκε

226 3258 382 3317 ΝΟΜΟΣ.
432 3248 501 3317 Ἐάν
530 3256 561 3316 5
548 3248 742 3334 ἐμηδελς
724 3278 743 3333 η
755 3249 854 3355 πρὸς
876 3249 998 3348 πατρὸς
1019 3250 1170 3334 μέχρις’
1150 3275 1215 3318 555

183 3343 271 3441 5555
294 3341 429 3418 παίδων,
457 3333 535 3414 τοὺς
563 3336 645 3420 πρὸς
666 3334 786 3421 μητρὸς
808 3343 942 3420 κυρίους
970 3338 1052 3403 εἶναι
1075 3334 1157 3404 κατὰ
1178 3333 1215 3401 τὰ

184 3417 273 3487 αύτά.

209 3553 235 3608 θ.
254 3559 270 3608 1
288 3547 465 3608 οὐδεπώποτ’
479 3570 542 3608 corr.
563 3559 586 3620 1,
605 3550 669 3608 οὐδὲ
685 3550 795 3608 πώ.οτ
815 3571 852 3623 pr.
905 3555 947 3610 1⁰.
968 3559 979 3607 1
1000 3558 1046 3606 καὶ
1064 3549 1215 3625 antemni-

141 3654 197 3690 τιοε
215 3653 235 3690 ε.
253 3655 277 3691 v.
297 3641 311 3691 2
335 3667 368 3677 -
392 3643 406 3692 3
425 3636 671 3710 παρασκευάζονται
694 3654 742 3691 em.
760 3639 822 3692 Rsk.
846 3669 877 3679 -
901 3645 916 3695 6
939 3641 999 3693 τῶν
1022 3640 1094 3695 Βόας
1119 3641 1167 3694 τοῦ
1183 3667 1213 3679 ·-

143 3716 280 3775 ὃταύτδν
302 3726 361 3790 ἐμοὶ
384 3722 444 3777 Bk:
468 3720 554 3789 ταύτη
576 3743 623 3791 μοι
709 3724 747 3778 ll.
770 3729 778 3778 1
803 3719 965 3796 γνώσεσθαι
989 3740 1036 3792 pr„
1060 3741 1124 3779 corr.
1147 3729 1161 3778 2
1183 3753 1214 3762 -

141 3802 218 3859 τοῦτ’
239 3824 285 3874 μα,
304 3823 367 3863 corr.
389 3811 400 3860 1
427 3837 460 3847 -
483 3812 505 3861 1.
525 3811 539 3861 2
556 3803 697 3876 ἀγχιστεία
713 3798 747 3874 55
766 3807 843 3862 Schb.
866 3816 1005 3878 praeeunte
1022 3811 1166 3877 Hirschigio
1184 3835 1215 3847 -·

143 3893 158 3943 2
176 3885 224 3943 οὐκ
242 3878 275 3956 55
292 3891 342 3945 del.
360 3893 506 3964 Emperius;
524 3894 592 3946 idem
610 3898 671 3946 ante
686 3880 720 3960 ἦν
738 3897 790 3946 ν.3
809 3895 865 3950 add.
884 3891 933 3948 οὐκ
951 3925 985 3939 -
1004 3899 1018 3949 3
1038 3899 1097 3964 post
1114 3883 1148 3962 ἦν
1167 3899 1215 3948 tres

142 3976 192 4031 1111.
209 3992 311 4043 erasae,
331 3977 379 4031 fuit
398 3977 506 4031 fortasse
525 3973 579 4031 οὐκ.
