2626 4476
58 236 95 279 οι.
108 237 127 278 2.
325 221 400 274 ΠΕΡΙ
418 220 483 274 ΤΟΥ
500 220 723 274 ΜΕΝΕΚΔΕΟΥΣ
742 222 879 276 ΚΛΗΡΟΥ.
1099 219 1140 278 23

59 386 102 455 τὰ
126 393 340 508 συμηιέροντα
360 388 565 475 γνώσεσθαι,
589 388 749 477 διῄτησαν
770 387 858 477 ἡμᾶς
877 384 1071 517 άποστηγαι
1095 384 1141 457 ὦν

62 483 158 568 οὗτος
185 482 422 578 ἠμφεσβήτησε
450 493 507 558 καὶ
536 490 652 558 δοῦναι
681 485 824 578 δωρεάν·
852 485 890 559 οῦ
918 491 981 581 γάρ
1010 491 1141 580 ἐφασαν

63 585 151 656 εἶναι
156 586 267 760 άλίλην
283 589 479 678 ἐπαλλαγὴν
495 584 612 675 οῦάεμί
614 616 663 674 αν,
680 590 711 658 εἰ
724 617 769 712 μη
758 587 1086 680 μεταλήψονται
1048 617 1141 660 ουτοι

61 695 128 758 τῶν
151 691 217 760 ἐκεί
218 718 284 761 νου.
330 692 365 760 ἐκ
387 693 423 761 δὲ
445 697 504 760 τοῦ
526 695 649 761 λοιποῦ
675 692 795 816 γράνου
826 694 972 781 ἐγνωσαν
993 691 1081 783 ἡμᾶς
1103 680 1138 763 εῦ
1154 710 1193 768 32

61 808 173 863 ποιεῖν
197 788 359 884 ἀλλήλους
380 797 436 861 καλ
469 794 555 881 λόγῳ
582 793 685 862 καλ”
667 820 767 884 εργῳ,
796 800 852 864 καί
881 800 986 865 ταῦτα
1016 791 1141 882 ὀμόσαι

59 889 250 984 ἠνάγκασαν
272 893 361 985 ἡμᾶς
384 890 593 1018 ἀμφοτέρους
605 895 704 1016 πρὸς
725 901 774 984 τηῖ
794 902 900 986 βωμηι
872 924 940 988 η
959 926 1024 987 μην
1040 899 1141 986 ποιή-

60 1017 150 1065 σειν·
173 993 271 1065 καλ(
251 1012 347 1119 ημεῖς
377 991 556 1083 ὠμόσαμεν
584 985 619 1065 οῦ
649 999 805 1086 ποιήσειν
835 994 1040 1088 ἀλλήλους’
1027 1026 1061 1068 εκ
1081 1004 1141 1068 τοῦ

61 1101 184 1167 λοιποῦ
203 1099 332 1186 χρόνον,
355 1099 439 1167 κατὰ
463 1099 603 1184 δύναμιν
626 1097 729 1182 εἶναι,
758 1104 815 1168 καὶ
843 1102 931 1189 λόγῳ
960 1103 1062 1169 κάλ’
1045 1128 1139 1190 εργηι.

59 1197 165 1268 καλ“
139 1226 186 1280 ως
207 1194 228 1268 ά
248 1226 286 1269 τε
307 1194 404 1286 άρκος
427 1201 573 1289 ἐγένετο,
596 1202 692 1271 καὶ”
667 1226 804 1286 ,εχουσιν
826 1198 920 1272 οὗτοι
942 1204 963 1271 ά
956 1204 1138 1294 ἐγνώσθη
1154 1219 1193 1277 88

60 1297 175 1383 αὐτοῖς
196 1300 263 1371 ὑπὸ
287 1308 354 1372 τῶν
376 1305 507 1372 οἰκείων
530 1309 597 1373 τῶν
624 1305 759 1387 τούτου,
790 1303 863 1374 εἶτα
886 1309 956 1374 νυνί
979 1311 1075 1375 ταυτὶ
1097 1307 1139 1375 τὰ

60 1532 156 1590 μενοι
176 1511 394 1596 καταστῆσαι,
419 1507 475 1593 ἐμὲ
499 1502 529 1575 δ’
555 1508 725 1594 ἐκβάλλειν
748 1505 943 1596 ὑβρίσαντες
965 1508 1000 1576 ἐκ
1013 1514 1072 1578 τοῦ
1088 1511 1139 1578 οἵ·

60 1633 136 1688 κου,
159 1606 238 1685 τοὺς
258 1608 397 1693 γνόντας
420 1603 540 1688 αὐτοὺς
561 1606 648 1694 ὑμῖν·
661 1609 852 1697 παρέξομαι
872 1610 1057 1700 μάρτυρας,
1082 1610 1139 1678 ἐὰν

62 1708 228 1776 ἐθέλωσιν
240 1703 433 1796 ἀναβαίνειν
447 1750 486 1760 -
498 1711 636 1799 εἰσίγάρ
651 1711 778 1778 τούτων
794 1711 912 1780 οἰκεῖοι
923 1748 973 1793 -‚
986 1712 1016 1779 εί
1032 1713 1068 1780 δὲ
1082 1713 1137 1800 μή,
1158 1748 1166 1761 ν

59 1809 138 1889 τοῦς
160 1817 459 1900 παραγενομένους.
503 1819 573 1880 Καί
593 1837 653 1897 μοι
674 1811 735 1891 τὰς
756 1819 941 1901 μαρτυρίας
964 1807 1137 1901 ἀνάγνωθι
1152 1821 1191 1880 84

59 1921 221 1982 ταυτασί·
245 1913 285 1981 σὺ
309 1907 340 1980 δ’
368 1912 509 1998 ἐπίλαβε
530 1913 568 1980 τὸ
592 1906 691 2001 ῦδωρ.

485 2017 715 2072 ΜΑΡΤΥΡΙΑΙ.

144 2101 244 2185 Λαβέ
268 2099 306 2188 δή
329 2126 390 2184 μοι
411 2099 471 2178 τὰς
493 2106 678 2188 μαρτυρίας
693 2098 828 2182 ἐκείνας,
853 2096 898 2178 άς
913 2100 951 2168 τά
967 2126 1003 2168 τε
1015 2107 1138 2190 χωρίον
1219 2111 1226 2116 ’

60 2199 284 2289 ἐβδομήκοντα
305 2205 396 2286 μνῦν
419 2201 571 2291 ἐπράθη,
601 2204 658 2269 καὶ
687 2197 733 2279 ὡς
755 2197 924 2287 άπέλαβεν
946 2198 964 2269 ά
989 2196 1138 2292 ὀρφανὸς

58 2300 146 2367 ἑπτά
169 2305 225 2370 καὶ
247 2301 403 2390 ἐξήκοντα
424 2307 508 2387 μνᾶς
529 2308 723 2390 πραθέντος
744 2306 804 2371 τοῦ
824 2309 958 2392 χωρίου.

486 2406 716 2460 MAPTYPIAI

145 2483 181 2556 Ὁ
211 2492 308 2567 θεῖος
335 2495 446 2555 τοίνυν
469 2483 599 2570 οὑτοσί,
630 2514 655 2553 ω
687 2483 818 2575 ἄνδρες,
835 2487 1191 2613 κενληρονομηκώςθθ

60 2592 128 2656 τιῦν
151 2587 317 2657 ἐκείνου”
299 2614 383 2678 εργηι
405 2593 461 2657 καλ
485 2583 522 2657 οῦ
546 2580 676 2678 λόγηι“
649 2611 765 2678 ωσπερ
781 2586 853 2674 ἐγώ,
877 2591 932 2654 καὶ
954 2589 1035 2672 ἐχων
1058 2587 1138 2673 ἐμοῦ

57 2691 255 2776 πολλῷλε
192 2714 255 2757 πε
258 2695 347 2758 ίονα·
372 2689 433 2777 ἐγώ
456 2689 568 2775 μὲν
531 2717 594 2781 γαρ
609 2716 670 2770 τας
684 2697 838 2780 τριαιοο
839 2715 878 2768 ας
898 2685 1046 2778 δραχμάς
1062 2685 1138 2753 ελα

54 2796 118 2876 βον
140 2788 201 2868 τάς
224 2785 548 2880 περιλειφθείσας’
531 2790 599 2859 απὸ
624 2796 683 2882 τῆς
704 2795 803 2880 τιμης
828 2795 888 2858 τοῦ
913 2791 1137 2878 χωριου,,καὶ

57 2891 199 2960 οἰκίδιον
222 2885 241 2959 ά
264 2892 353 2960 ἐστιν
376 2887 434 2962 οῦκ
457 2889 551 2973 άξιον
572 2897 673 2983 τριῶν
696 2896 801 2978 μνῶν·
833 2886 930 2979 οὗτος
960 2891 997 2975 δέ
1018 2892 1136 2971 πλεῖονΙ

54 2984 77 3082 ἢ
101 2994 179 3061 δέκα
200 2997 292 3078 μνιῦν
310 3001 434 3082 χωρίον
449 2994 540 3079 ἐχων,
565 2991 638 3062 εἶτα
653 2999 795 3084 προσέτι
811 2998 867 3062 νῦν
882 2984 954 3081 ἥκει
970 2990 1029 3059 τὸν
1045 2986 1136 3087 οἶκον
1168 3054 1183 3077 ¹.

57 3089 159 3163 αῦτοῦ
188 3093 414 3185 ἐξερημώσων.
459 3099 514 3163 καὶ
544 3095 606 3183 ἐγώ
636 3091 736 3180 μένῦ
775 3094 918 3185 ποιητὸς
946 3092 1070 3161 ἐκεῖνόν
1099 3098 1187 3166 τεθις

57 3195 163 3278 ζῶντα
187 3195 412 3284 ἐθεράπευον,
441 3202 496 3265 καί
521 3191 620 3276 αῦτὸς
642 3194 738 3284 καὶὴ
769 3196 828 3284 ἐμὴ
859 3195 954 3285 γυνη,
982 3193 1134 3282 θυγάτηρ

142 3413 187 3469 32.
206 3418 221 3468 2
239 3409 369 3482 άλλὴλο.ε
385 3418 407 3469 Α
425 3433 472 3484 μμ,
490 3432 553 3470 corr.
570 3420 594 3479 1;
613 3416 676 3468 item
694 3432 718 3468 v.
737 3421 752 3470 4
772 3447 805 3456 -
823 3418 838 3469 3
857 3411 926 3483 ἡμᾶς
943 3409 1133 3483 ἦνάγιιασανθ

56 3530 89 3539 —-
108 3503 124 3553 4
143 3503 233 3552 ποιεῖν
250 3501 272 3551 Α
289 3530 323 3539 -
341 3505 356 3554 5
375 3497 471 3554 λοιποῦ
488 3502 568 3568 Apu,
588 3497 731 3554 ίπιλοίιιοῦ
749 3501 806 3567 (λιιι
819 3515 840 3552 s.
852 3500 887 3564 v.)
907 3513 970 3552 corr.
987 3503 1014 3550 l:
1033 3492 1133 3549 ἐπιλοί-

54 3602 109 3637 που
127 3576 268 3652 νΰλςσβε
278 3584 334 3650 (λλ).
419 3581 464 3640 83.
483 3588 499 3638 2
515 3577 571 3638 άπὸ
589 3584 612 3635 Α
630 3614 663 3624 -
682 3588 696 3638 3
715 3580 875 3652 βουλόμενοι
893 3577 999 3637 ἄπαιδα
1017 3579 1046 3642 Q.

55 3719 101 3776 34.
123 3725 133 3774 λ
153 3717 292 3773 tamt&
317 3748 350 3758 -
375 3715 523 3787 λίπίβαλε
541 3719 570 3782 0,
595 3665 711 3787 έπίβαλέ
729 3720 762 3771 A:
785 3734 834 3772 em.
853 3717 984 3787 Tyrwhitt
1001 3747 1036 3757 --
1060 3718 1135 3770 atit.

53 3808 191 3875 μαρτυρία
208 3805 238 3870 Δ,
257 3819 306 3857 om.
325 3804 360 3865 Q:
379 3819 427 3858 em.
445 3804 492 3858 Bk
511 3832 545 3842 -
563 3809 577 3858 ’ί
597 3805 637 3860 tit.
655 3819 705 3858 om.
725 3803 753 3864 Q.
832 3801 878 3858 85·
898 3807 910 3855 1
930 3806 1026 3857 τοίνυν
1043 3817 1093 3857 om.
1112 3800 1152 3862 02

56 3919 90 3930 -
109 3893 124 3943 3
141 3891 193 3958 μὲν
210 3905 260 3942 om.
279 3889 300 3939 A
319 3917 352 3928 -
370 3893 384 3942 ’ί
405 3885 488 3942 αὐτοῦ
506 3887 591 3950 απιθ
608 3916 643 3928 -
660 3886 873 3957 ἐξερημωθέντα
885 3886 915 3948 0.
983 3885 1029 3942 86.
1049 3889 1064 3939 2
1083 3884 1136 3938 θυ·

54 3974 141 4044 γάτηρ
154 3992 160 4024 :
175 3970 310 4046 θεράπων
328 3972 348 4033 0
