2626 4476
91 262 113 302 ρ.
127 251 159 293 τι.
394 237 471 290 5551
487 238 552 291 τοι
568 237 711 293 εωουοε
728 239 865 297 μενον.
1038 219 1039 222 ‘
1127 238 1168 300 97

91 400 217 469 ἐκείνου
238 404 402 489 μάρτυσιν
424 395 569 492 ἢδοκιῖν
592 435 628 474 νι
650 407 726 475 τάνὶ
748 411 859 499 ψευδῆ
880 422 1068 499 μαρτυρεῖν,
1091 410 1170 477 505·-

89 529 150 570 505
173 506 366 592 τηλικούτου
389 506 518 594 ’ἔλεγχον
541 510 766 598 πεφευγότος,
788 509 850 598 ἐγώ
873 512 934 596 μὲν
949 508 1046 596 οἶμαι
1063 505 1169 578 ούδέν.

61 666 66 672 .
90 598 195 672 Ἀλλά
217 604 283 694 μὴν
297 603 343 686 ὥς
367 602 480 697 ἀληθῆ
502 612 597 696 λέγω,
620 613 702 696 λαβέ
723 637 782 695 μοι
796 616 931 700 πρῶτον
951 614 956 698 Ι
975 613 1096 702 ταύτην
1110 612 1170 701 τὴν

91 713 277 796 μαρτυρίαν
299 712 355 777 καὶ
377 704 560 795 ἀνάγνωθι.

525 833 740 886 MAPTYPIA.

175 908 284 995 Ὑμεῖς
304 913 364 996 μὲν
378 919 489 980 τοίνυν
504 918 560 981 καὶ
584 915 655 1003 ίδίηι
668 918 723 982 καὶ
748 915 893 1003 δημοσίᾳ
913 915 1061 1000 βάσανον
1077 910 1169 1004 ἇκρι·
1187 931 1223 988 15
1294 958 1297 962 *

92 1017 257 1096 βέστατον
279 1012 409 1101 ’έλεγχον
431 1015 594 1099 νομίζετε·
623 1019 680 1082 καὶ
706 1012 837 1084 ὁπόταν
867 1017 981 1086 δοῦλοι
1002 1021 1060 1085 καὶ
1081 1017 1171 1084 5555-

94 1119 196 1201 θεροι
209 1121 465 1204 παραγένωνται
479 1121 536 1184 καὶ
551 1117 607 1204 δέη
624 1113 805 1205 εὑρεθῆναί
818 1145 853 1185 τι
866 1123 934 1186 τῶν
957 1119 1171 1209 ζητουμένων

96 1252 134 1293 ου
122 1218 285 1311 χρῆσθε
298 1232 374 1297 ταῖς
388 1221 456 1285 τῶν
471 1217 656 1305 ἐλευθέρων
671 1226 878 1308 μαρτυρίαις,
896 1214 981 1288 5555
996 1221 1073 1299 τοὺς
1095 1221 1172 1289 δού-

97 1329 174 1404 λους
195 1330 304 1409 βασαν
306 1313 494 1401 ζίοντες,
462 1315 549 1387 ούτω
566 1318 745 1420 ζητεῖτε(
713 1335 819 1409 ευρεῖν
840 1321 900 1409 την
920 1315 1085 1444 ἀληθειαν
1106 1348 1172 1389 των

95 1430 327 1516 γεγενημένων.
372 1422 523 1504 εἰκότως,
554 1421 579 1488 ὠ
611 1419 744 1510 άνδρες
775 1423 907 1491 σύνιστε
936 1423 998 1512 γὰρ
1028 1419 1082 1493 άτι
1106 1452 1172 1492 των

96 1532 158 1616 μέν
180 1525 460 1615 μαρτυρησάντων
481 1521 543 1613 ἤδη
573 1519 660 1602 τινὲς
688 1520 863 1604 ἐ’δοξαν
828 1551 867 1592 ου
893 1518 1027 1615 τάληθῆ
1048 1553 1172 1616 μαρτυ-

96 1635 210 1720 ρῆσαι,
232 1628 340 1696 τῶνδ
341 1628 653 1713 έβασανισθέντων
668 1620 799 1705 ούδένες
817 1626 960 1695 πώποτε
976 1627 1173 1717 ἐξηλέγχθη-

98 1756 162 1802 σαν
185 1728 232 1810 ὠς
260 1723 316 1798 ούκ
344 1723 457 1820 άληθῆ
480 1729 514 1796 ἐκ
535 1732 603 1796 τῶν
624 1729 781 1815 βασάνων
804 1729 965 1808 εἰπόντες.
1018 1724 1226 1809 055095'18

97 1832 115 1903 5
139 1833 278 1901 πάντων
301 1825 597 1913 άναισχυντότατος
619 1824 814 1917 ἀνθρώπων
844 1831 955 1917 λόγοις
976 1833 1175 1918 πεπλασμέ-

97 1961 169 2015 νοις
196 1937 253 2002 καὶ
281 1933 444 2021 μάρτυσιν
474 1927 512 1999 05
541 1927 677 2022 τάληθῆ
698 1937 923 2020 μαρτυροῦσιν
952 1927 1090 2011 άξιιύσει
1115 1960 1175 2002 πι-
1231 1991 1245 2006 .

98 2037 228 2107 στεύειν
243 2032 345 2119 Ιύμάς,
369 2035 500 2123 φεύγων
523 2027 628 2113 ούτως
651 2029 798 2123 ἀκριβεῖς
821 2034 969 2121 ἐλέγχους
976 2065 987 2118 ,·
1016 2029 1091 2102 ἄλλ’
1117 2030 1175 2118 ούχ

97 2137 210 2229 ἡμεῖς,
241 2132 325 2204 5555
355 2136 518 2224 πρότερον
546 2133 631 2225 ύπέρ
653 2141 720 2203 τῶν
748 2136 1076 2226 μαρτυρηθήσεσθαι
1096 2140 1175 2222 μελ-

99 2241 224 2308 λόντων
247 2232 502 2317 ἀξιώσαντες
472 2262 520 2314 εις
540 2236 709 2323 βασάνους
730 2236 854 2320 ἐλθεῖν,
876 2237 1014 2317 τούτους
1036 2238 1073 2304 δὲ
1095 2238 1176 2328 φεύ-

87 2366 281 2430 γυντας...
289 2331 436 2420 ,ούτως
466 2338 656 2426 οἰησόμεθα
685 2337 804 2406 δεῖνί
786 2344 873 2424 υμᾶς
905 2354 976 2417 τοῖς
1003 2336 1177 2429 ἡμετέροις

97 2444 246 2533 μάρτυσι
266 2440 447 2510 πιστεύειν.
497 2442 598 2526 Λαβὲ
621 2439 678 2508 οὐν
707 2436 821 2519 αὐτοῖς
841 2445 984 2508 ταυτασὶ
1008 2442 1069 2521 τὰς
1091 2469 1176 2531 μαρ-

98 2553 215 2636 τυρίας
235 2547 290 2611 καὶ
315 2538 499 2630 ἀνάγνωθι.

524 2663 753 2716 ΜΑΡΤΥΡΙΑΙ.

189 2754 291 2825 Τίνας
314 2745 402 2824 εἰκὸς
425 2745 549 2813 εἰδέναι
569 2745 612 2813 τὰ
627 2745 778 2827 παλαιά,
800 2745 899 2834 δῆλον
921 2737 975 2812 δτι
993 2744 1071 2867 τρδς
1089 2771 1176 2833 χρω-
1194 2763 1230 2820 14

100 2856 220 2936 μένους
247 2851 296 2934 τῷ
324 2847 471 2935 πάππῳ.
522 2848 792 2936 μεμαρτυρήκασι
813 2841 968 2914 τοίνυν
951 2846 1056 2970 ακρὴν
1075 2843 1177 2918 οὗτοι.

99 2959 194 3030 τίνας
209 2943 256 3032 (δ
262 2951 274 3032 )
291 2947 474 3016 εἰδέναι
437 2975 479 3015 τα
502 2952 583 3037 περὶ
604 2948 664 3071 την
680 2949 866 3016 ἔκδοσιν
824 2973 884 3036 της
898 2947 1023 3070 μητρὸς
1039 2945 1180 3071 άνάγηη,·

100 3051 178 3132 τοὺς
201 3050 460 3139 ἐγγυησομένους
489 3053 545 3118 καί
573 3049 652 3129 τούς
677 3050 814 3128 ἐκείνοις
842 3050 1015 3137 παρόντας
1042 3043 1099 3118 555
1120 3046 1179 3139 ἠγ-

101 3159 237 3243 γυῶντο.
281 3153 551 3281 μεμαρτυρήκασι
571 3153 735 3221 τοίνυν(
706 3179 739 3220 οι
760 3178 797 3219 55
819 3157 1051 3238 Ναυσιμένους
1071 3177 1229 3242 προσ-..

101 3257 237 3346 ἥκοντες
257 3256 370 3322 καὶς
337 3280 371 3322 οι
392 3259 452 3322 τοῦ
474 3253 555 3340 ἐμοῦ
576 3253 714 3342 πατρός.
751 3260 839 3332 τίνες
861 3255 898 3321 δὲ
920 3256 953 3321 5
920 3262 1179 3346 τρεφομένην

103 3359 198 3427 ίνδον
225 3360 282 3426 καί
308 3362 479 3444 θυγατέρα
510 3343 613 3424 ούσαν
636 3356 762 3434 εἰδότες
789 3363 927 3445 γνησίαν
949 3363 1118 3444 Κίρωνος,·
1147 3361 1180 3425 05

103 3465 160 3530 νύν
184 3456 513 3550 άμεγισβητοῦντες”
496 3483 579 3547 εργην
602 3483 755 3581 ηανερως
776 3461 999 3577 μαρτυροῦσιν
1014 3450 1068 3526 555
1081 3454 1176 3526 ταύτ

104 3561 195 3630 ἐστὶν
223 3556 351 3651 ἇληθη,
379 3561 557 3650 φεύγοντες
583 3559 643 3648 555
670 3561 828 3646 βάσανον.
883 3552 971 3626 ὥστε
999 3555 1037 3626 05
1071 3560 1180 3649 δήπου

189 3814 234 3871 12.
251 3821 268 3871 4
285 3814 407 3887 χρῆσθαι
424 3829 471 3881 με,
489 3817 581 3870 com
599 3843 632 3854 —
650 3819 666 3867 9
685 3810 797 3880 ἀληθεῖς
815 3830 862 3881 pr„
879 3830 943 3868 corr.
962 3817 986 3867 5.
1037 3815 1081 3871 15.
1100 3821 1114 3868 ῖ
1133 3817 1181 3869 lac.

106 3900 157 3954 ind.
175 3899 246 3966 Rsk„
269 3902 351 3954 excid.
364 3902 397 3953 st.
416 3895 524 3952 αύτοιε
541 3894 659 3970 ἀκριβεῖς
673 3896 792 3970 έίέγχουε
813 3895 1004 3961 ἐπιδείξαντες.
1055 3898 1098 3954 14.
1117 3904 1133 3954 3
1152 3896 1179 3951 δ’

109 3983 166 4037 εδδ.
183 3984 246 4040 Rsk.
265 4015 298 4025 -
316 3990 330 4038 ’ί
349 3982 431 4038 ἔνδον
449 3980 524 4037 ΒεΙμι
543 3979 618 4037 εἶδον

55 4081 64 4095 ‘
159 4079 241 4121 ῖιεειιε.
981 4072 994 4119 7
