2626 4476
90 259 114 299 p.
127 249 159 289 ιι.
328 230 405 283 ΠΕΡΙ
422 229 487 283 ΤΟΥ
504 228 765 285 ΦΙΛΟΚΤΗΜθΝΟΣ
782 229 920 283 ΚΔΗΡΟΥ.
1125 226 1166 288 09

91 425 159 466 των
182 399 294 482 ἐ’νοχος
313 384 354 486 ήν
378 398 607 486 Φιλοκτήμων,
633 403 758 486 βραχέα
780 396 887 466 εἷνιών
915 396 1055 487 δηλώσω
1080 395 1168 484 ύμῖν.

91 495 186 580 ὅστις
201 499 270 590 γὰρ
291 503 350 567 καὶ
371 500 433 579 ἕως
455 499 509 589 δ’ζη
531 504 684 568 τοιοῦτον
698 502 841 590 πολίτην
863 498 981 568 ἑαυτὸν
1002 514 1169 588 παρεῖχεν,

91 596 179 669 ὥστε
206 600 263 675 διὰ
291 601 329 670 τδ
359 595 421 692 ὑφ’
446 599 539 687 ύμών
559 597 775 686 τιμᾶσθαι”
753 626 864 689 αρχειν
893 595 1092 684 ἀξιοῦσθαι,
1114 604 1208 670 καὶ

91 703 307 794 ἐτελεύτησε
303 703 491 789 μαχόμενος
511 717 584 781 τοῖς
605 705 798 787 πολεμίοις,
820 706 896 782 πῶς
918 697 959 770 ἄν
980 728 1033 782 τις
1053 706 1171 771 τούτου
1286 758 1287 761 .

90 805 342 895 τολμήσειεν’
312 820 421 874 σιντεῑν
443 803 490 885 ὥς
512 799 570 873 ούκ
593 788 628 871 ἐύ
651 802 805 893 ἐφρόνει,

91 959 95 962 -
169 901 246 976 Ότι
265 894 386 994 μὲν
349 934 407 975 ουν
429 909 565 976 διέθετο
587 908 641 973 καί
665 891 907 994 ἐποιήσατο
872 930 906 971 ευ
929 909 1111 993 φρονῶν,ε
1096 903 1169 983 ἒξδν
1186 917 1223 974 10

94 1002 202 1096 αύτην,
230 1000 511 1079 ύνιοδίδεικταιε
493 1021 588 1092 υμῖν,
618 1001 705 1074 ὥστε
733 1006 818 1074 κατὰ
846 1007 906 1091 μὲν
933 1010 1033 1074 τοῦτο
1060 1006 1171 1095 ψευδῆ

91 1108 351 1199 μεμαρτυρηκὼς
370 1105 568 1200 Ἀνδροκλῆς
586 1102 840 1177 ἀποδέδεικται·
865 1106 981 1196 ἐπειδὴ
1006 1109 1042 1175 δὲ
1063 1128 1172 1196 προσ-

93 1211 398 1333 διαμεμαρτύρηκεν
421 1208 545 1299 [ὦς]“
512 1210 586 1278 υιδν
608 1207 695 1281 εἶναι
713 1211 850 1332 γνήσιον
866 1201 1075 1298 Εὐκτήμονος
1095 1213 1173 1277 τοῦ·

90 1339 159 1395 τον,
182 1316 237 1380 καὶ
259 1317 343 1381 ταῦτ
346 1307 554 1391 ἀποδείξω
577 1308 801 1400 ψευδήδντα.
838 1305 1024 1400 Εὐκτήμονι
1044 1310 1117 1398 γάρ,
1144 1297 1217 1385 ὦ

92 1410 236 1502 ανδρες,
255 1441 303 1502 τῳ
329 1414 579 1502 Φιλοκτήμονος
599 1420 722 1501 πατρί,
750 1412 834 1492 τούς
857 1408 966 1497 μὲν”
945 1436 1051 1491 οντως
1078 1437 1171 1499 γενο-

90 1521 212 1601 μένους
233 1518 370 1599 παῖδας,
394 1516 629 1604 Φιλοκτήμονα
650 1518 706 1582 καὶ
724 1509 900 1603 Ἐργαμίνη
928 1516 986 1580 καὶ
1001 1509 1172 1602 Ηγήμονα

90 1620 150 1685 καὶ
172 1617 231 1684 δύο
252 1622 457 1706 θυγατέρας,
484 1621 542 1684 καὶ
569 1615 628 1704 τήν
655 1621 782 1705 μητέρα
805 1608 923 1696 αύτιδν,
950 1613 991 1702 ήν
1013 1611 1170 1703 ’δγημενδ

93 1713 284 1808 Εὐκτήμων,
293 1720 483 1799 Μειξιύδου
495 1722 674 1809 Κηφισιιδς
685 1723 866 1805 θυγατέρα,
877 1716 1003 1796 πάντες
1014 1717 1049 1784 οἱ
1062 1738 1172 1804 προσ-

90 1819 228 1908 ήκοντες
249 1821 346 1888 ἰ’σασι
366 1825 423 1890 καὶ
445 1823 479 1889 οἱ
501 1820 664 1911 φράτερες
686 1822 830 1887 καὶτῶν
853 1820 1005 1909 δημοτῶν
1033 1819 1065 1885 οἱ
1086 1820 1172 1886 νεολ-

92 1923 162 2005 λοί,
191 1925 249 1989 καὶ
275 1922 544 2012 μαρτυρήσουσιν
572 1918 667 2007 ύμῖν·
696 1913 751 1989 ὅτι
780 1916 813 1987 δ’
839 1915 941 2008 [ow]
965 1916 1068 2009 ύλίην
1095 1917 1171 1987 τινὰ
1188 1937 1223 1990 11

91 2022 192 2112 ἔγημε
213 2036 360 2111 γυναῖκα,
384 2023 421 2102 ἐξ
439 2019 480 2112 ἧς
501 2049 592 2102 τινος
613 2023 685 2091 οἵδε
708 2016 798 2109 αύτῷ
821 2021 978 2110 ἐγίνοντο,
1001 2015 1111 2100 οὐδεὶς·
1131 2021 1172 2090 τὰ

91 2124 258 2221 νταράνιαν
281 2121 371 2192 οἶδεν
400 2119 474 2192 οὐδ’
500 2120 619 2213 ήκουσε
641 2123 783 2192 πώποτε
809 2124 929 2205 ζῶντος
951 2117 1178 2215 Εὐκτήμονος.

91 2231 205 2293 καίτοι
231 2225 368 2306 τούτους
397 2226 485 2305 εἰκὸς
506 2225 733 2304 πιστοτάτους
762 2223 848 2293 εἶναι
877 2226 1022 2310 νομίζειν
1045 2227 1180 2316 μύρτα·
1208 2253 1219 2301 ἢ

92 2346 172 2410 ρας·
194 2325 272 2406 τούς
292 2326 356 2416 γὰρ
372 2327 515 2406 οἰκείους
537 2328 662 2395 εἰδέναι
676 2326 838 2415 προσήκει
858 2326 901 2394 τὰ
916 2333 1065 2397 τοιαῦτα.
1101 2335 1172 2397 Καί

90 2447 153 2512 μοι
172 2428 310 2508 τούτους
336 2429 430 2497 κάλει
452 2433 597 2517 πρῶτον,
619 2432 677 2496 καὶ
698 2426 758 2507 τὰς
780 2436 965 2517 μαρτυρίας
986 2425 1170 2518 ἀνάγνωθι.

516 2549 745 2602 MAPTYPIAJ

89 2699 93 2706 ,
170 2625 242 2701 Ετι
268 2639 380 2700 τοίνυν
407 2635 464 2700 καὶ
485 2631 564 2710 τοδς
586 2625 697 2698 ἆντιδί
684 2637 773 2710 ίκους
802 2629 913 2699 ἐπιδεί
900 2631 1004 2710 ίξω’
986 2657 1070 2732 εργῳ
1092 2628 1170 2717 ύμῖν
1186 2653 1228 2707 12

91 2736 197 2800 ταῦτα
219 2734 522 2823 μεμαρτυρηκότας.
559 2725 615 2800 ὅτε
635 2732 699 2820 γὰρ
715 2760 752 2799 αι
774 2726 1001 2855 ἀνακρίσεις
983 2756 1068 2821 ησαν
1082 2733 1171 2822 πρδς

90 2837 141 2920 τρῖ
170 2856 305 2922 αρχοντι
333 2839 388 2903 καί
419 2829 513 2903 οὗτοι
540 2831 872 2960 παρακατέβαίου“
846 2860 892 2914 ως
920 2832 1005 2959 ὑπὲρ
1026 2843 1211 2927 γνησίων

90 2929 193 3004 τῶνδ’
219 2931 478 3023 Εύκτήμονος”
458 2961 573 3019 οντων,
602 2934 812 3025 ερωτώμενοι
836 2931 896 3027 ὑφ’
921 2933 1016 3026 ήμῶν
1043 2944 1095 3017 τίς
1118 2940 1173 3028 εἰἠ

92 3031 202 3105 αύτιύν
223 3037 408 3128 μήτηρκαὶ
430 3030 511 3106 ύτου
523 3039 674 3127 θυγάτηρ
695 3034 754 3106 οὐκ
776 3035 863 3121 είχον
882 3033 1071 3122 ἀποδεῖξαι,
1095 3040 1169 3108 δια-

89 3145 348 3228 μαρτυρομένων
369 3136 465 3263 ήμῶν
484 3144 541 3208 καί
562 3143 622 3208 τού
638 3164 795 3260 αρχοντος
815 3141 1005 3220 κελεύοντος
1027 3135 1169 3229 ἀποκρί-

90 3244 221 3307 νασθαι
241 3240 326 3308 κατδ
347 3241 407 3309 τὸν
429 3242 592 3327 νόμον...
585 3292 613 3309 ..
663 3269 689 3308 ω
675 3229 839 3331 ἄνδρες,
863 3237 1169 3364 ύμφισβητεῖνμέν

90 3337 137 3420 ὥς
158 3337 244 3432 ύνεὲρ
270 3350 367 3433 γνησί
369 3370 414 3410 ων
436 3347 490 3411 καὶ
521 3344 765 3432 διαμαρτυρεῖν,
793 3350 919 3434 μητέρα
947 3339 1026 3412 &N
1004 3373 1024 3433 η
1047 3372 1100 3424 τις
1128 3345 1169 3434 ήν

89 3440 135 3532 μὴ
151 3443 237 3528 ε’χειν
253 3437 441 3527 ἆνεοδεῖξαι,
463 3446 546 3534 μηδὲ
560 3446 772 3536 προσήκοντα
788 3441 901 3525 αὐτοῖς
914 3447 1050 3534 μηδένα.
1081 3439 1166 3511 ἀλλὰ
1183 3463 1221 3520 13

157 3604 202 3686 10.
219 3634 243 3685 3.
259 3602 409 3705 Επροσ..
401 3633 621 3703 μεμαρτυρηκιν
634 3651 681 3702 pr
703 3631 773 3686 δια
767 3651 793 3685 ιο
806 3639 937 3688 ras1
954 3629 1025 3688 wc
1041 3632 1167 3687 de1.Rsk.

90 3741 123 3754 ·-
141 3718 159 3768 9
177 3715 241 3783 μηξ
242 3711 319 3769 αδον
339 3733 386 3771 em.
399 3718 520 3771 Hrw.-
485 3721 685 3788 -κηφισέωει
704 3735 753 3771 em.
770 3719 830 3773 Dbr.
882 3721 922 3775 11.
943 3714 1037 3772 10233'
1056 3719 1105 3771 deL
1117 3717 1166 3774 Bk

157 3798 201 3854 12.
215 3804 231 3854 3
249 3787 327 3858 ούτ..
332 3805 401 3856 .τε’.
406 3822 438 3855 α.
446 3819 528 3871 ανρν.
547 3805 608 3867 (om.
626 3805 720 3875 παρα),
739 3819 802 3857 corr.
819 3810 884 3857 1-
903 3808 926 3856 7.
941 3805 1046 3858 Biuxta
1062 3819 1166 3856 versum

90 3884 135 3951 qui
153 3883 265 3938 efficitur
281 3902 324 3940 vv.
341 3884 392 3940 τὸν
408 3884 534 3956 νόμον...
527 3889 698 3958 .γνησίων
692 3905 718 3941 1n
731 3903 783 3955 mg.
800 3890 901 3956 signum
921 3892 943 3955 0
966 3891 1100 3957 posuit1:
1118 3889 1166 3940 lac.

90 3967 143 4020 ind.
162 3968 234 4035 ask„
250 3968 375 4023 καίτοι
357 3990 463 4025 ατονιαν
480 3972 547 4040 sppl.
566 3971 642 4026 Schb.
662 4002 695 4013 -—
713 3977 729 4028 8
746 3965 763 4040 ἦ
780 3990 822 4027 me
839 3989 904 4028 corr.
922 3976 984 4039 2‚·
964 3973 992 4026 εί
1004 3990 1045 4027 ue
1062 3990 1099 4042 pr.
