<?xml version="1.0" encoding="UTF-8"?>
<!DOCTYPE html PUBLIC "-//W3C//DTD XHTML 1.0 Transitional//EN"
    "http://www.w3.org/TR/xhtml1/DTD/xhtml1-transitional.dtd">
<html xmlns="http://www.w3.org/1999/xhtml" xml:lang="en" lang="en">
 <head>
  <title>
</title>
<meta http-equiv="Content-Type" content="text/html;charset=utf-8" />
  <meta name='ocr-system' content='tesseract 3.04.00' />
  <meta name='ocr-capabilities' content='ocr_page ocr_carea ocr_par ocr_line ocrx_word'/>
</head>
<body>
  <div class='ocr_page' id='page_1' title='image "./isaeiorationesc00buergoog_0117.png"; bbox 0 0 2626 4476; ppageno 0'>
   <div class='ocr_carea' id='block_1_1' title="bbox 141 225 1222 287">
    <p class='ocr_par' dir='ltr' id='par_1_1' title="bbox 141 225 1222 287">
     <span class='ocr_line' id='line_1_1' title="bbox 141 225 1222 287; baseline -0.002 0"><span class='ocrx_word' id='word_1_1' title='bbox 141 225 184 287; x_wconf 76' lang='grc'><strong><em>96</em></strong></span> <span class='ocrx_word' id='word_1_2' title='bbox 373 275 378 282; x_wconf 94' lang='grc'><strong><em>.</em></strong></span> <span class='ocrx_word' id='word_1_3' title='bbox 626 226 734 280; x_wconf 68' lang='lat' dir='ltr'><strong><em>mmor</em></strong></span> <span class='ocrx_word' id='word_1_4' title='bbox 845 260 848 265; x_wconf 90' lang='lat'>-</span> <span class='ocrx_word' id='word_1_5' title='bbox 1079 274 1081 279; x_wconf 90' lang='lat'><em>.</em></span> <span class='ocrx_word' id='word_1_6' title='bbox 1150 242 1188 284; x_wconf 82' lang='lat' dir='ltr'><strong><em>or.</em></strong></span> <span class='ocrx_word' id='word_1_7' title='bbox 1201 242 1222 285; x_wconf 70' lang='grc' dir='ltr'><strong><em>ι.</em></strong></span> 
     </span>
    </p>
   </div>
   <div class='ocr_carea' id='block_1_2' title="bbox 90 383 1220 3430">
    <p class='ocr_par' dir='ltr' id='par_1_2' title="bbox 90 383 1220 3430">
     <span class='ocr_line' id='line_1_2' title="bbox 143 383 1220 484; baseline -0.003 -20"><span class='ocrx_word' id='word_1_8' title='bbox 143 390 244 484; x_wconf 77' lang='grc' dir='ltr'><strong><em>αὐτὴν</em></strong></span> <span class='ocrx_word' id='word_1_9' title='bbox 265 399 488 484; x_wconf 84' lang='grc' dir='ltr'><strong><em>γεγενημένην.</em></strong></span> <span class='ocrx_word' id='word_1_10' title='bbox 527 394 631 484; x_wconf 76' lang='grc' dir='ltr'><strong><em>ἐκείνη</em></strong></span> <span class='ocrx_word' id='word_1_11' title='bbox 655 395 715 479; x_wconf 81' lang='grc' dir='ltr'><strong><em>μὲν</em></strong></span> <span class='ocrx_word' id='word_1_12' title='bbox 731 383 788 462; x_wconf 84' lang='grc' dir='ltr'><strong><em>σύν</em></strong></span> <span class='ocrx_word' id='word_1_13' title='bbox 811 395 1035 483; x_wconf 80' lang='grc' dir='ltr'><strong><em>συνοικήσασα</em></strong></span> <span class='ocrx_word' id='word_1_14' title='bbox 1058 388 1096 462; x_wconf 85' lang='grc' dir='ltr'><strong><em>ού</em></strong></span> <span class='ocrx_word' id='word_1_15' title='bbox 1112 394 1220 462; x_wconf 83' lang='grc' dir='ltr'><strong><em>πολύν</em></strong></span> 
     </span>
     <span class='ocr_line' id='line_1_3' title="bbox 139 489 1220 586; baseline -0.001 -23"><span class='ocrx_word' id='word_1_16' title='bbox 139 496 273 585; x_wconf 86' lang='grc' dir='ltr'><strong><em>χρόνον,</em></strong></span> <span class='ocrx_word' id='word_1_17' title='bbox 303 501 443 563; x_wconf 83' lang='grc' dir='ltr'><strong><em>τεκοῦσα</em></strong></span> <span class='ocrx_word' id='word_1_18' title='bbox 473 489 562 583; x_wconf 73' lang='grc' dir='ltr'><strong><em>αύτηῖ</em></strong></span> <span class='ocrx_word' id='word_1_19' title='bbox 588 496 649 584; x_wconf 86' lang='grc' dir='ltr'><strong><em>τὴν</em></strong></span> <span class='ocrx_word' id='word_1_20' title='bbox 677 494 758 586; x_wconf 77' lang='grc' dir='ltr'><strong><em>ἐμὴν</em></strong></span> <span class='ocrx_word' id='word_1_21' title='bbox 779 501 914 586; x_wconf 84' lang='grc' dir='ltr'><strong><em>μητέρα,</em></strong></span> <span class='ocrx_word' id='word_1_22' title='bbox 939 496 1025 582; x_wconf 90' lang='grc' dir='ltr'><strong><em>μετά</em></strong></span> <span class='ocrx_word' id='word_1_23' title='bbox 1048 495 1220 574; x_wconf 77' lang='grc' dir='ltr'><strong><em>ἐνιαυτούς</em></strong></span> 
     </span>
     <span class='ocr_line' id='line_1_4' title="bbox 140 594 1220 718; baseline -0.001 -53"><span class='ocrx_word' id='word_1_24' title='bbox 140 603 303 685; x_wconf 79' lang='grc' dir='ltr'><strong><em>τέτταρας</em></strong></span> <span class='ocrx_word' id='word_1_25' title='bbox 324 597 382 665; x_wconf 86' lang='grc' dir='ltr'><strong><em>τὸν</em></strong></span> <span class='ocrx_word' id='word_1_26' title='bbox 403 604 479 684; x_wconf 80' lang='grc' dir='ltr'><strong><em>βίον</em></strong></span> <span class='ocrx_word' id='word_1_27' title='bbox 501 597 723 687; x_wconf 85' lang='grc' dir='ltr'><strong><em>έτελεύτησεν·</em></strong></span> <span class='ocrx_word' id='word_1_28' title='bbox 747 594 764 664; x_wconf 82' lang='grc' dir='ltr'>ὁ</span> <span class='ocrx_word' id='word_1_29' title='bbox 789 598 825 665; x_wconf 81' lang='grc' dir='ltr'><strong><em>δὲ</em></strong></span> <span class='ocrx_word' id='word_1_30' title='bbox 848 597 993 718; x_wconf 78' lang='grc' dir='ltr'><strong><em>πάππος</em></strong></span> <span class='ocrx_word' id='word_1_31' title='bbox 1014 601 1096 683; x_wconf 89' lang='grc' dir='ltr'><strong><em>μιᾶς</em></strong></span> <span class='ocrx_word' id='word_1_32' title='bbox 1116 597 1220 686; x_wconf 85' lang='grc' dir='ltr'><strong><em>μάνης</em></strong></span> 
     </span>
     <span class='ocr_line' id='line_1_5' title="bbox 144 692 1219 821; baseline -0.002 -54"><span class='ocrx_word' id='word_1_33' title='bbox 144 696 244 788; x_wconf 87' lang='grc' dir='ltr'><strong><em>ούσης</em></strong></span> <span class='ocrx_word' id='word_1_34' title='bbox 259 693 348 786; x_wconf 85' lang='grc' dir='ltr'><strong><em>αύτῳ</em></strong></span> <span class='ocrx_word' id='word_1_35' title='bbox 335 698 533 821; x_wconf 79' lang='grc' dir='ltr'><strong><em>θυγατρὸς</em></strong></span> <span class='ocrx_word' id='word_1_36' title='bbox 556 698 718 785; x_wconf 71' lang='grc' dir='ltr'><strong><em>λαμβάνει</em></strong></span> <span class='ocrx_word' id='word_1_37' title='bbox 732 698 886 767; x_wconf 91' lang='grc' dir='ltr'><strong><em>πάλιν</em></strong></span> <span class='ocrx_word' id='word_1_38' title='bbox 850 725 910 787; x_wconf 89' lang='grc' dir='ltr'><strong><em>την</em></strong></span> <span class='ocrx_word' id='word_1_39' title='bbox 925 702 1107 776; x_wconf 80' lang='grc' dir='ltr'><strong><em>Διοκλέους</em></strong></span> <span class='ocrx_word' id='word_1_40' title='bbox 1123 692 1219 765; x_wconf 88' lang='grc' dir='ltr'><strong><em>άδελ·</em></strong></span> 
     </span>
     <span class='ocr_line' id='line_1_6' title="bbox 143 795 1219 928; baseline -0.002 -60"><span class='ocrx_word' id='word_1_41' title='bbox 143 801 265 890; x_wconf 73' lang='grc' dir='ltr'><strong><em>(μύκε</em></strong></span> <span class='ocrx_word' id='word_1_42' title='bbox 250 796 351 888; x_wconf 80' lang='grc' dir='ltr'><strong><em>ἐξῆς</em></strong></span> <span class='ocrx_word' id='word_1_43' title='bbox 379 795 469 888; x_wconf 83' lang='grc' dir='ltr'><strong><em>αύτηι</em></strong></span> <span class='ocrx_word' id='word_1_44' title='bbox 498 800 692 928; x_wconf 72' lang='grc' dir='ltr'><strong><em>ίγιγνέσθην</em></strong></span> <span class='ocrx_word' id='word_1_45' title='bbox 721 801 804 877; x_wconf 80' lang='grc' dir='ltr'><strong><em>υἱεῖς</em></strong></span> <span class='ocrx_word' id='word_1_46' title='bbox 832 799 901 877; x_wconf 86' lang='grc' dir='ltr'><strong><em>δύο</em></strong></span> <span class='ocrx_word' id='word_1_47' title='bbox 953 803 1009 867; x_wconf 84' lang='grc' dir='ltr'><strong><em>καί</em></strong></span> <span class='ocrx_word' id='word_1_48' title='bbox 1036 799 1164 888; x_wconf 75' lang='grc' dir='ltr'><strong><em>ἐκείνην</em></strong></span> <span class='ocrx_word' id='word_1_49' title='bbox 1185 823 1219 866; x_wconf 90' lang='grc' dir='ltr'><strong><em>τε</em></strong></span> 
     </span>
     <span class='ocr_line' id='line_1_7' title="bbox 144 899 1217 991; baseline -0.002 -22"><span class='ocrx_word' id='word_1_50' title='bbox 144 903 261 991; x_wconf 82' lang='grc' dir='ltr'><strong><em>ἐ’τρεφε</em></strong></span> <span class='ocrx_word' id='word_1_51' title='bbox 283 901 377 989; x_wconf 87' lang='grc' dir='ltr'><strong><em>παρά</em></strong></span> <span class='ocrx_word' id='word_1_52' title='bbox 399 928 439 990; x_wconf 90' lang='grc' dir='ltr'><strong><em>τη</em></strong></span> <span class='ocrx_word' id='word_1_53' title='bbox 426 905 590 989; x_wconf 82' lang='grc' dir='ltr'><strong><em>γυναικὶ</em></strong></span> <span class='ocrx_word' id='word_1_54' title='bbox 612 905 667 968; x_wconf 87' lang='grc' dir='ltr'><strong><em>καὶ</em></strong></span> <span class='ocrx_word' id='word_1_55' title='bbox 689 900 774 986; x_wconf 82' lang='grc' dir='ltr'><strong><em>μετὰ</em></strong></span> <span class='ocrx_word' id='word_1_56' title='bbox 789 906 856 968; x_wconf 80' lang='grc' dir='ltr'><strong><em>τῶν</em></strong></span> <span class='ocrx_word' id='word_1_57' title='bbox 879 900 915 980; x_wconf 75' lang='grc' dir='ltr'><strong><em>ἐξ</em></strong></span> <span class='ocrx_word' id='word_1_58' title='bbox 935 899 1060 991; x_wconf 81' lang='grc' dir='ltr'><strong><em>ἐκείνης</em></strong></span> <span class='ocrx_word' id='word_1_59' title='bbox 1075 901 1217 983; x_wconf 83' lang='grc' dir='ltr'><strong><em>παίδων,</em></strong></span> 
     </span>
     <span class='ocr_line' id='line_1_8' title="bbox 106 999 1219 1090; baseline -0.004 -18"><span class='ocrx_word' id='word_1_60' title='bbox 106 1018 126 1072; x_wconf 82' lang='grc'><strong>8</strong></span> <span class='ocrx_word' id='word_1_61' title='bbox 145 1003 277 1071; x_wconf 89' lang='grc' dir='ltr'><strong><em>εκείνων</em></strong></span> <span class='ocrx_word' id='word_1_62' title='bbox 298 1029 334 1070; x_wconf 89' lang='grc' dir='ltr'><strong><em>τε</em></strong></span> <span class='ocrx_word' id='word_1_63' title='bbox 365 1004 414 1071; x_wconf 81' lang='grc' dir='ltr'><strong><em>ἐ’τι</em></strong></span> <span class='ocrx_word' id='word_1_64' title='bbox 437 1003 576 1085; x_wconf 70' lang='grc' dir='ltr'><strong><em>ζεόντων,</em></strong></span> <span class='ocrx_word' id='word_1_65' title='bbox 607 1002 683 1070; x_wconf 81' lang='grc' dir='ltr'><strong><em>ἐπεὶ</em></strong></span> <span class='ocrx_word' id='word_1_66' title='bbox 705 1018 867 1072; x_wconf 85' lang='grc' dir='ltr'><strong><em>συνοικεῖν</em></strong></span> <span class='ocrx_word' id='word_1_67' title='bbox 897 999 981 1086; x_wconf 82' lang='grc' dir='ltr'><strong><em>εἶχεν</em></strong></span> <span class='ocrx_word' id='word_1_68' title='bbox 1002 999 1146 1090; x_wconf 78' lang='grc' dir='ltr'><strong><em>ἡλικίαν,</em></strong></span> <span class='ocrx_word' id='word_1_69' title='bbox 1170 1001 1219 1068; x_wconf 85' lang='grc' dir='ltr'><strong><em>έκ-</em></strong></span> 
     </span>
     <span class='ocr_line' id='line_1_9' title="bbox 143 1098 1216 1193; baseline 0 -23"><span class='ocrx_word' id='word_1_70' title='bbox 143 1105 282 1172; x_wconf 92' lang='grc' dir='ltr'><strong><em>δίδωσιν</em></strong></span> <span class='ocrx_word' id='word_1_71' title='bbox 312 1098 413 1193; x_wconf 78' lang='grc' dir='ltr'><strong><em>αὐτὴν</em></strong></span> <span class='ocrx_word' id='word_1_72' title='bbox 443 1110 648 1189; x_wconf 83' lang='grc' dir='ltr'><strong><em>Ναυσιμίνει</em></strong></span> <span class='ocrx_word' id='word_1_73' title='bbox 680 1107 862 1191; x_wconf 81' lang='grc' dir='ltr'><strong><em>Χολαργεῐ,</em></strong></span> <span class='ocrx_word' id='word_1_74' title='bbox 894 1103 953 1173; x_wconf 86' lang='grc' dir='ltr'><strong><em>σύν</em></strong></span> <span class='ocrx_word' id='word_1_75' title='bbox 989 1106 1138 1188; x_wconf 79' lang='grc' dir='ltr'><strong><em>ἱματίοις</em></strong></span> <span class='ocrx_word' id='word_1_76' title='bbox 1165 1105 1216 1170; x_wconf 79' lang='grc' dir='ltr'><strong><em>καί</em></strong></span> 
     </span>
     <span class='ocr_line' id='line_1_10' title="bbox 141 1199 1217 1293; baseline 0.001 -22"><span class='ocrx_word' id='word_1_77' title='bbox 141 1212 291 1293; x_wconf 80' lang='grc' dir='ltr'><strong><em>χρυσίοις</em></strong></span> <span class='ocrx_word' id='word_1_78' title='bbox 319 1210 420 1272; x_wconf 84' lang='grc' dir='ltr'><strong><em>πέντε</em></strong></span> <span class='ocrx_word' id='word_1_79' title='bbox 448 1209 504 1272; x_wconf 91' lang='grc' dir='ltr'><strong><em>καὶ</em></strong></span> <span class='ocrx_word' id='word_1_80' title='bbox 533 1205 639 1275; x_wconf 78' lang='grc' dir='ltr'><strong><em>εἴκοσι</em></strong></span> <span class='ocrx_word' id='word_1_81' title='bbox 667 1210 752 1290; x_wconf 86' lang='grc' dir='ltr'><strong><em>μνάς</em></strong></span> <span class='ocrx_word' id='word_1_82' title='bbox 779 1204 926 1285; x_wconf 76' lang='grc' dir='ltr'><strong><em>ἐπιδούς.</em></strong></span> <span class='ocrx_word' id='word_1_83' title='bbox 982 1199 1133 1284; x_wconf 86' lang='grc' dir='ltr'><strong><em>κάκεῖνος</em></strong></span> <span class='ocrx_word' id='word_1_84' title='bbox 1160 1205 1217 1289; x_wconf 76' lang='grc' dir='ltr'><strong><em>μὲν</em></strong></span> 
     </span>
     <span class='ocr_line' id='line_1_11' title="bbox 143 1297 1216 1394; baseline 0.001 -22"><span class='ocrx_word' id='word_1_85' title='bbox 143 1310 251 1393; x_wconf 84' lang='grc' dir='ltr'><strong><em>τρισίν</em></strong></span> <span class='ocrx_word' id='word_1_86' title='bbox 273 1297 294 1394; x_wconf 78' lang='grc' dir='ltr'><em>ἢ</em></span> <span class='ocrx_word' id='word_1_87' title='bbox 316 1312 490 1393; x_wconf 87' lang='grc' dir='ltr'><strong><em>τέτταρσιν</em></strong></span> <span class='ocrx_word' id='word_1_88' title='bbox 512 1307 600 1375; x_wconf 79' lang='grc' dir='ltr'><strong><em>έτεσι</em></strong></span> <span class='ocrx_word' id='word_1_89' title='bbox 621 1306 706 1394; x_wconf 86' lang='grc' dir='ltr'><strong><em>μετὰ</em></strong></span> <span class='ocrx_word' id='word_1_90' title='bbox 721 1310 827 1373; x_wconf 82' lang='grc' dir='ltr'><strong><em>ταῦτα</em></strong></span> <span class='ocrx_word' id='word_1_91' title='bbox 841 1306 974 1391; x_wconf 82' lang='grc' dir='ltr'><strong><em>κάμνων</em></strong></span> <span class='ocrx_word' id='word_1_92' title='bbox 997 1300 1216 1394; x_wconf 73' lang='grc' dir='ltr'><strong><em>ἀποθνῄσκει,</em></strong></span> 
     </span>
     <span class='ocr_line' id='line_1_12' title="bbox 143 1402 1215 1498; baseline 0.001 -24"><span class='ocrx_word' id='word_1_93' title='bbox 143 1411 224 1496; x_wconf 79' lang='grc' dir='ltr'><strong><em>πρὶν</em></strong></span> <span class='ocrx_word' id='word_1_94' title='bbox 251 1402 342 1495; x_wconf 75' lang='grc' dir='ltr'><strong><em>αύτῷ</em></strong></span> <span class='ocrx_word' id='word_1_95' title='bbox 372 1413 533 1496; x_wconf 76' lang='grc' dir='ltr'><strong><em>γενέσθαι</em></strong></span> <span class='ocrx_word' id='word_1_96' title='bbox 554 1410 681 1488; x_wconf 88' lang='grc' dir='ltr'><strong><em>παῖδας</em></strong></span> <span class='ocrx_word' id='word_1_97' title='bbox 703 1408 738 1476; x_wconf 82' lang='grc' dir='ltr'><strong><em>ἐκ</em></strong></span> <span class='ocrx_word' id='word_1_98' title='bbox 765 1413 823 1495; x_wconf 78' lang='grc' dir='ltr'><strong><em>τῆς</em></strong></span> <span class='ocrx_word' id='word_1_99' title='bbox 843 1404 1005 1496; x_wconf 80' lang='grc' dir='ltr'><strong><em>ἡμετέρας</em></strong></span> <span class='ocrx_word' id='word_1_100' title='bbox 1029 1407 1171 1498; x_wconf 88' lang='grc' dir='ltr'><strong><em>μητρός·</em></strong></span> <span class='ocrx_word' id='word_1_101' title='bbox 1199 1402 1215 1474; x_wconf 84' lang='grc' dir='ltr'><strong><em>δ</em></strong></span> 
     </span>
     <span class='ocr_line' id='line_1_13' title="bbox 144 1502 1217 1598; baseline 0 -22"><span class='ocrx_word' id='word_1_102' title='bbox 144 1510 180 1577; x_wconf 80' lang='grc' dir='ltr'><strong><em>δὲ</em></strong></span> <span class='ocrx_word' id='word_1_103' title='bbox 202 1509 348 1589; x_wconf 87' lang='grc' dir='ltr'><strong><em>πάππος</em></strong></span> <span class='ocrx_word' id='word_1_104' title='bbox 368 1511 590 1596; x_wconf 81' lang='grc' dir='ltr'><strong><em>κομισάμενος</em></strong></span> <span class='ocrx_word' id='word_1_105' title='bbox 613 1505 722 1598; x_wconf 83' lang='grc' dir='ltr'><strong><em>αύτήν,</em></strong></span> <span class='ocrx_word' id='word_1_106' title='bbox 744 1513 800 1578; x_wconf 83' lang='grc' dir='ltr'><strong><em>καὶ</em></strong></span> <span class='ocrx_word' id='word_1_107' title='bbox 822 1509 881 1598; x_wconf 82' lang='grc' dir='ltr'><strong><em>τὴν</em></strong></span> <span class='ocrx_word' id='word_1_108' title='bbox 904 1523 1028 1597; x_wconf 86' lang='grc' dir='ltr'><strong><em>προῖκα</em></strong></span> <span class='ocrx_word' id='word_1_109' title='bbox 1051 1504 1109 1576; x_wconf 86' lang='grc' dir='ltr'><strong><em>ούκ</em></strong></span> <span class='ocrx_word' id='word_1_110' title='bbox 1133 1502 1217 1576; x_wconf 82' lang='grc' dir='ltr'><strong><em>άπο-</em></strong></span> 
     </span>
     <span class='ocr_line' id='line_1_14' title="bbox 145 1605 1217 1701; baseline -0.001 -23"><span class='ocrx_word' id='word_1_111' title='bbox 145 1611 255 1698; x_wconf 73' lang='grc' dir='ltr'><strong><em>λαβὼν</em></strong></span> <span class='ocrx_word' id='word_1_112' title='bbox 287 1605 370 1701; x_wconf 75' lang='grc' dir='ltr'><strong><em>ὅσην</em></strong></span> <span class='ocrx_word' id='word_1_113' title='bbox 402 1613 504 1680; x_wconf 71' lang='grc' dir='ltr'><strong><em>ἔδωκε</em></strong></span> <span class='ocrx_word' id='word_1_114' title='bbox 531 1611 588 1679; x_wconf 87' lang='grc' dir='ltr'><strong><em>διὰ</em></strong></span> <span class='ocrx_word' id='word_1_115' title='bbox 621 1611 680 1698; x_wconf 80' lang='grc' dir='ltr'><strong><em>τὴν</em></strong></span> <span class='ocrx_word' id='word_1_116' title='bbox 710 1616 941 1696; x_wconf 91' lang='grc' dir='ltr'><strong><em>Ναυσιμένους</em></strong></span> <span class='ocrx_word' id='word_1_117' title='bbox 974 1605 1123 1698; x_wconf 88' lang='grc' dir='ltr'><strong><em>άπορίαν</em></strong></span> <span class='ocrx_word' id='word_1_118' title='bbox 1155 1615 1217 1677; x_wconf 81' lang='grc' dir='ltr'><strong><em>τῶν</em></strong></span> 
     </span>
     <span class='ocr_line' id='line_1_15' title="bbox 144 1712 1218 1802; baseline 0 -23"><span class='ocrx_word' id='word_1_119' title='bbox 144 1714 365 1802; x_wconf 84' lang='grc' dir='ltr'><strong><em>πραγμάτων,</em></strong></span> <span class='ocrx_word' id='word_1_120' title='bbox 399 1715 504 1782; x_wconf 91' lang='grc' dir='ltr'><strong><em>πάλιν</em></strong></span> <span class='ocrx_word' id='word_1_121' title='bbox 533 1714 688 1782; x_wconf 78' lang='grc' dir='ltr'><strong><em>ἐκδίδωσι</em></strong></span> <span class='ocrx_word' id='word_1_122' title='bbox 716 1717 764 1800; x_wconf 78' lang='grc' dir='ltr'><strong><em>τῷ</em></strong></span> <span class='ocrx_word' id='word_1_123' title='bbox 792 1712 862 1800; x_wconf 73' lang='grc' dir='ltr'><strong><em>έμηῖ</em></strong></span> <span class='ocrx_word' id='word_1_124' title='bbox 891 1715 998 1800; x_wconf 84' lang='grc' dir='ltr'><strong><em>πατρὶ</em></strong></span> <span class='ocrx_word' id='word_1_125' title='bbox 1024 1714 1081 1779; x_wconf 85' lang='grc' dir='ltr'><strong><em>καί</em></strong></span> <span class='ocrx_word' id='word_1_126' title='bbox 1110 1715 1218 1795; x_wconf 84' lang='grc' dir='ltr'><strong><em>χιλίας</em></strong></span> 
     </span>
     <span class='ocr_line' id='line_1_16' title="bbox 108 1811 1217 1904; baseline -0.005 -18"><span class='ocrx_word' id='word_1_127' title='bbox 108 1814 294 1903; x_wconf 71' lang='grc' dir='ltr'><strong><em>θδραχμάς</em></strong></span> <span class='ocrx_word' id='word_1_128' title='bbox 321 1811 434 1904; x_wconf 73' lang='grc' dir='ltr'><strong><em>προῖκ’</em></strong></span> <span class='ocrx_word' id='word_1_129' title='bbox 467 1816 657 1884; x_wconf 73' lang='grc' dir='ltr'><strong><em>ἐπιδίδωσι.</em></strong></span> <span class='ocrx_word' id='word_1_130' title='bbox 707 1817 803 1882; x_wconf 82' lang='grc' dir='ltr'><strong><em>ταυτὶ</em></strong></span> <span class='ocrx_word' id='word_1_131' title='bbox 831 1814 869 1903; x_wconf 79' lang='grc' dir='ltr'><strong><em>δὴ</em></strong></span> <span class='ocrx_word' id='word_1_132' title='bbox 885 1814 1011 1892; x_wconf 56' lang='grc' dir='ltr'><strong><em>,πάντα</em></strong></span> <span class='ocrx_word' id='word_1_133' title='bbox 1046 1812 1135 1900; x_wconf 84' lang='grc' dir='ltr'><strong><em>πρὸς</em></strong></span> <span class='ocrx_word' id='word_1_134' title='bbox 1155 1813 1217 1892; x_wconf 84' lang='grc' dir='ltr'><strong><em>τὰς</em></strong></span> 
     </span>
     <span class='ocr_line' id='line_1_17' title="bbox 145 1911 1216 2042; baseline -0.001 -59"><span class='ocrx_word' id='word_1_135' title='bbox 145 1916 328 1998; x_wconf 74' lang='grc' dir='ltr'><strong><em>αἰτίαςτίς</em></strong></span> <span class='ocrx_word' id='word_1_136' title='bbox 351 1921 407 1984; x_wconf 90' lang='grc' dir='ltr'><strong><em>νύν</em></strong></span> <span class='ocrx_word' id='word_1_137' title='bbox 430 1911 523 1984; x_wconf 80' lang='grc' dir='ltr'><strong><em>οὗτοι</em></strong></span> <span class='ocrx_word' id='word_1_138' title='bbox 546 1918 692 2003; x_wconf 87' lang='grc' dir='ltr'><strong><em>λέγουσι,</em></strong></span> <span class='ocrx_word' id='word_1_139' title='bbox 715 1920 790 1995; x_wconf 79' lang='grc' dir='ltr'><strong><em>πῶς</em></strong></span> <span class='ocrx_word' id='word_1_140' title='bbox 812 1911 853 1983; x_wconf 83' lang='grc' dir='ltr'><strong><em>άν</em></strong></span> <span class='ocrx_word' id='word_1_141' title='bbox 874 1942 927 1994; x_wconf 90' lang='grc' dir='ltr'><strong><em>τις</em></strong></span> <span class='ocrx_word' id='word_1_142' title='bbox 950 1916 1000 1982; x_wconf 86' lang='grc' dir='ltr'><strong><em>δεί</em></strong></span> <span class='ocrx_word' id='word_1_143' title='bbox 988 1915 1068 1993; x_wconf 85' lang='grc' dir='ltr'><strong><em>ξίειε</em></strong></span> <span class='ocrx_word' id='word_1_144' title='bbox 1074 1939 1216 2042; x_wconf 84' lang='grc' dir='ltr'><strong><em>γεγενη-</em></strong></span> 
     </span>
     <span class='ocr_line' id='line_1_18' title="bbox 143 2012 1216 2144; baseline -0.001 -58.987"><span class='ocrx_word' id='word_1_145' title='bbox 143 2024 226 2103; x_wconf 85' lang='grc' dir='ltr'><strong><em>μένα</em></strong></span> <span class='ocrx_word' id='word_1_146' title='bbox 256 2023 428 2147; x_wconf 73' lang='grc' dir='ltr'><strong><em>φανερῶςς</em></strong></span> <span class='ocrx_word' id='word_1_147' title='bbox 461 2017 523 2104; x_wconf 78' lang='grc' dir='ltr'><strong><em>ἐγώ</em></strong></span> <span class='ocrx_word' id='word_1_148' title='bbox 559 2018 663 2138; x_wconf 77' lang='grc' dir='ltr'><strong><em>ζητῶν</em></strong></span> <span class='ocrx_word' id='word_1_149' title='bbox 697 2016 838 2104; x_wconf 79' lang='grc' dir='ltr'><strong><em>ἐξεῦρον.</em></strong></span> <span class='ocrx_word' id='word_1_150' title='bbox 891 2012 1013 2106; x_wconf 77' lang='grc' dir='ltr'><strong><em>ἀνάγκη</em></strong></span> <span class='ocrx_word' id='word_1_151' title='bbox 1041 2015 1106 2144; x_wconf 70' lang='grc' dir='ltr'><strong><em>τὴν</em></strong></span> <span class='ocrx_word' id='word_1_152' title='bbox 1140 2043 1216 2105; x_wconf 88' lang='grc' dir='ltr'><strong><em>εμην</em></strong></span> 
     </span>
     <span class='ocr_line' id='line_1_19' title="bbox 142 2107 1202 2248; baseline -0.001 -60.986"><span class='ocrx_word' id='word_1_153' title='bbox 142 2127 283 2248; x_wconf 71' lang='grc' dir='ltr'><strong><em>μητέρα,</em></strong></span> <span class='ocrx_word' id='word_1_154' title='bbox 313 2121 380 2187; x_wconf 88' lang='grc' dir='ltr'><strong><em>είτε</em></strong></span> <span class='ocrx_word' id='word_1_155' title='bbox 408 2117 559 2241; x_wconf 77' lang='grc' dir='ltr'><strong><em>θργάτηρ</em></strong></span> <span class='ocrx_word' id='word_1_156' title='bbox 580 2107 620 2207; x_wconf 75' lang='grc' dir='ltr'><strong><em>ἦν</em></strong></span> <span class='ocrx_word' id='word_1_157' title='bbox 643 2125 794 2207; x_wconf 80' lang='grc' dir='ltr'><strong><em>Κέρωνος</em></strong></span> <span class='ocrx_word' id='word_1_158' title='bbox 817 2117 884 2185; x_wconf 85' lang='grc' dir='ltr'><strong><em>ε’ίτε</em></strong></span> <span class='ocrx_word' id='word_1_159' title='bbox 906 2144 950 2206; x_wconf 89' lang='grc' dir='ltr'><strong><em>μη</em></strong></span> <span class='ocrx_word' id='word_1_160' title='bbox 957 2170 966 2199; x_wconf 85' lang='lat'><strong><em>,</em></strong></span> <span class='ocrx_word' id='word_1_161' title='bbox 995 2122 1052 2186; x_wconf 89' lang='grc' dir='ltr'><strong><em>καὶ</em></strong></span> <span class='ocrx_word' id='word_1_162' title='bbox 1081 2118 1112 2186; x_wconf 89' lang='grc' dir='ltr'><strong><em>εί</em></strong></span> <span class='ocrx_word' id='word_1_163' title='bbox 1135 2145 1202 2204; x_wconf 91' lang='grc' dir='ltr'><strong><em>παρ</em></strong></span> 
     </span>
     <span class='ocr_line' id='line_1_20' title="bbox 144 2211 1217 2343; baseline -0.003 -53"><span class='ocrx_word' id='word_1_164' title='bbox 144 2223 210 2290; x_wconf 82' lang='grc' dir='ltr'><strong><em>ἐκεί</em></strong></span> <span class='ocrx_word' id='word_1_165' title='bbox 212 2249 257 2308; x_wconf 83' lang='grc' dir='ltr'><strong><em>νην</em></strong></span> <span class='ocrx_word' id='word_1_166' title='bbox 280 2211 460 2343; x_wconf 78' lang='grc' dir='ltr'><strong><em>διῃτᾶτο</em></strong></span> <span class='ocrx_word' id='word_1_167' title='bbox 439 2247 458 2307; x_wconf 98' lang='grc' dir='ltr'><strong><em>η</em></strong></span> <span class='ocrx_word' id='word_1_168' title='bbox 484 2216 531 2300; x_wconf 85' lang='grc' dir='ltr'><strong><em>ού,</em></strong></span> <span class='ocrx_word' id='word_1_169' title='bbox 554 2224 610 2287; x_wconf 88' lang='grc' dir='ltr'><strong><em>καὶ</em></strong></span> <span class='ocrx_word' id='word_1_170' title='bbox 632 2220 757 2308; x_wconf 89' lang='grc' dir='ltr'><strong><em>γάμους</em></strong></span> <span class='ocrx_word' id='word_1_171' title='bbox 781 2246 810 2287; x_wconf 94' lang='grc' dir='ltr'><strong><em>ει</em></strong></span> <span class='ocrx_word' id='word_1_172' title='bbox 800 2218 965 2298; x_wconf 79' lang='grc' dir='ltr'><strong><em>’διττούς</em></strong></span> <span class='ocrx_word' id='word_1_173' title='bbox 985 2216 1073 2308; x_wconf 77' lang='grc' dir='ltr'><strong><em>ὑπὲρ</em></strong></span> <span class='ocrx_word' id='word_1_174' title='bbox 1085 2220 1217 2343; x_wconf 81' lang='grc' dir='ltr'><strong><em>ταύτης</em></strong></span> 
     </span>
     <span class='ocr_line' id='line_1_21' title="bbox 144 2313 1216 2412; baseline 0 -22"><span class='ocrx_word' id='word_1_175' title='bbox 144 2313 348 2390; x_wconf 89' lang='grc' dir='ltr'><strong><em>ειστίασεν</em></strong></span> <span class='ocrx_word' id='word_1_176' title='bbox 326 2350 346 2410; x_wconf 94' lang='grc' dir='ltr'><strong><em>η</em></strong></span> <span class='ocrx_word' id='word_1_177' title='bbox 370 2322 426 2411; x_wconf 79' lang='grc' dir='ltr'><strong><em>μή</em></strong></span> <span class='ocrx_word' id='word_1_178' title='bbox 448 2324 505 2389; x_wconf 87' lang='grc' dir='ltr'><strong><em>καί</em></strong></span> <span class='ocrx_word' id='word_1_179' title='bbox 520 2336 643 2409; x_wconf 91' lang='grc' dir='ltr'><strong><em>προῖκα</em></strong></span> <span class='ocrx_word' id='word_1_180' title='bbox 658 2316 788 2410; x_wconf 77' lang='grc' dir='ltr'><strong><em>ἥντινα</em></strong></span> <span class='ocrx_word' id='word_1_181' title='bbox 803 2321 957 2410; x_wconf 80' lang='grc' dir='ltr'><strong><em>ἑκάτερος</em></strong></span> <span class='ocrx_word' id='word_1_182' title='bbox 980 2317 1036 2388; x_wconf 79' lang='grc' dir='ltr'><strong><em>δπ</em></strong></span> <span class='ocrx_word' id='word_1_183' title='bbox 1057 2317 1141 2412; x_wconf 72' lang='grc' dir='ltr'><strong><em>αὐτῇ</em></strong></span> <span class='ocrx_word' id='word_1_184' title='bbox 1155 2326 1216 2390; x_wconf 81' lang='grc' dir='ltr'><strong><em>των</em></strong></span> 
     </span>
     <span class='ocr_line' id='line_1_22' title="bbox 143 2422 1216 2547; baseline 0.001 -57"><span class='ocrx_word' id='word_1_185' title='bbox 143 2423 316 2547; x_wconf 86' lang='grc' dir='ltr'><strong><em>γημάντων</em></strong></span> <span class='ocrx_word' id='word_1_186' title='bbox 340 2422 452 2510; x_wconf 68' lang='grc' dir='ltr'><strong><em>ἔλαβε,</em></strong></span> <span class='ocrx_word' id='word_1_187' title='bbox 482 2424 595 2492; x_wconf 89' lang='grc' dir='ltr'><strong><em>πάντα</em></strong></span> <span class='ocrx_word' id='word_1_188' title='bbox 624 2427 729 2490; x_wconf 78' lang='grc' dir='ltr'><strong><em>ταῦτα</em></strong></span> <span class='ocrx_word' id='word_1_189' title='bbox 758 2423 919 2491; x_wconf 83' lang='grc' dir='ltr'><strong><em>εἰδέναι</em></strong></span> <span class='ocrx_word' id='word_1_190' title='bbox 909 2422 1031 2501; x_wconf 84' lang='grc' dir='ltr'><strong><em>τούςο</em></strong></span> <span class='ocrx_word' id='word_1_191' title='bbox 1014 2423 1145 2507; x_wconf 77' lang='grc' dir='ltr'><strong><em>οἰκέτας</em></strong></span> <span class='ocrx_word' id='word_1_192' title='bbox 1165 2425 1216 2491; x_wconf 85' lang='grc' dir='ltr'><strong><em>καὶ</em></strong></span> 
     </span>
     <span class='ocr_line' id='line_1_23' title="bbox 90 2513 1217 2650; baseline -0.002 -54"><span class='ocrx_word' id='word_1_193' title='bbox 90 2541 128 2596; x_wconf 81' lang='lat'><strong><em>10</em></strong></span> <span class='ocrx_word' id='word_1_194' title='bbox 144 2525 206 2605; x_wconf 83' lang='grc' dir='ltr'><strong><em>τάς</em></strong></span> <span class='ocrx_word' id='word_1_195' title='bbox 226 2526 475 2650; x_wconf 56' lang='grc' dir='ltr'><strong><em>δερηιπαίνας“</em></strong></span> <span class='ocrx_word' id='word_1_196' title='bbox 456 2552 495 2605; x_wconf 91' lang='grc' dir='ltr'><strong><em>ας</em></strong></span> <span class='ocrx_word' id='word_1_197' title='bbox 510 2525 633 2604; x_wconf 73' lang='grc' dir='ltr'><strong><em>ἐκεῖνος</em></strong></span> <span class='ocrx_word' id='word_1_198' title='bbox 648 2525 807 2613; x_wconf 80' lang='grc' dir='ltr'><strong><em>ἐκέκτητο.</em></strong></span> <span class='ocrx_word' id='word_1_199' title='bbox 843 2513 1099 2611; x_wconf 80' lang='grc' dir='ltr'><strong><em>βουλόμενος</em></strong></span> <span class='ocrx_word' id='word_1_200' title='bbox 1061 2551 1119 2594; x_wconf 89' lang='grc' dir='ltr'><strong><em>ουν</em></strong></span> <span class='ocrx_word' id='word_1_201' title='bbox 1135 2525 1217 2616; x_wconf 79' lang='grc' dir='ltr'><strong><em>πρὸς</em></strong></span> 
     </span>
     <span class='ocr_line' id='line_1_24' title="bbox 143 2625 1216 2718; baseline 0 -22"><span class='ocrx_word' id='word_1_202' title='bbox 143 2643 214 2707; x_wconf 87' lang='grc' dir='ltr'><strong><em>τοῖς</em></strong></span> <span class='ocrx_word' id='word_1_203' title='bbox 235 2625 422 2712; x_wconf 81' lang='grc' dir='ltr'><strong><em>ὑπάρχουσι</em></strong></span> <span class='ocrx_word' id='word_1_204' title='bbox 443 2627 606 2716; x_wconf 88' lang='grc' dir='ltr'><strong><em>μάρτυσιν</em></strong></span> <span class='ocrx_word' id='word_1_205' title='bbox 628 2625 810 2713; x_wconf 80' lang='grc' dir='ltr'><strong><em>έλεγχονέκ</em></strong></span> <span class='ocrx_word' id='word_1_206' title='bbox 831 2627 987 2712; x_wconf 80' lang='grc' dir='ltr'><strong><em>βασάνων</em></strong></span> <span class='ocrx_word' id='word_1_207' title='bbox 1002 2628 1216 2718; x_wconf 74' lang='grc' dir='ltr'><strong><em>ποιήσασθαι</em></strong></span> 
     </span>
     <span class='ocr_line' id='line_1_25' title="bbox 144 2721 1216 2818; baseline -0.001 -21"><span class='ocrx_word' id='word_1_208' title='bbox 144 2734 223 2818; x_wconf 80' lang='grc' dir='ltr'><strong><em>περὶ</em></strong></span> <span class='ocrx_word' id='word_1_209' title='bbox 254 2725 418 2808; x_wconf 74' lang='grc' dir='ltr'><strong><em>αύτων,“</em></strong></span> <span class='ocrx_word' id='word_1_210' title='bbox 403 2756 457 2796; x_wconf 94' lang='grc' dir='ltr'><strong><em>ινα</em></strong></span> <span class='ocrx_word' id='word_1_211' title='bbox 486 2729 614 2813; x_wconf 85' lang='grc' dir='ltr'><strong><em>μᾶλλον</em></strong></span> <span class='ocrx_word' id='word_1_212' title='bbox 644 2721 758 2806; x_wconf 89' lang='grc' dir='ltr'><strong><em>αύτοῖς</em></strong></span> <span class='ocrx_word' id='word_1_213' title='bbox 785 2727 964 2818; x_wconf 84' lang='grc' dir='ltr'><strong><em>πιστεύητε</em></strong></span> <span class='ocrx_word' id='word_1_214' title='bbox 992 2727 1038 2818; x_wconf 83' lang='grc' dir='ltr'><strong><em>μὴ</em></strong></span> <span class='ocrx_word' id='word_1_215' title='bbox 1061 2732 1216 2815; x_wconf 88' lang='grc' dir='ltr'><strong><em>μέλλουσι</em></strong></span> 
     </span>
     <span class='ocr_line' id='line_1_26' title="bbox 145 2823 1215 2920; baseline 0 -22"><span class='ocrx_word' id='word_1_216' title='bbox 145 2831 264 2898; x_wconf 83' lang='grc' dir='ltr'><strong><em>δώσειν</em></strong></span> <span class='ocrx_word' id='word_1_217' title='bbox 293 2831 421 2918; x_wconf 75' lang='grc' dir='ltr'><strong><em>ἐ’λεγχον</em></strong></span> <span class='ocrx_word' id='word_1_218' title='bbox 451 2824 525 2896; x_wconf 74' lang='grc' dir='ltr'><strong><em>ἀλλ’</em></strong></span> <span class='ocrx_word' id='word_1_219' title='bbox 550 2825 612 2918; x_wconf 75' lang='grc' dir='ltr'><strong><em>ἤδη</em></strong></span> <span class='ocrx_word' id='word_1_220' title='bbox 643 2828 804 2896; x_wconf 89' lang='grc' dir='ltr'><strong><em>δεδωκόσι</em></strong></span> <span class='ocrx_word' id='word_1_221' title='bbox 826 2832 906 2918; x_wconf 85' lang='grc' dir='ltr'><strong><em>περὶ</em></strong></span> <span class='ocrx_word' id='word_1_222' title='bbox 935 2823 981 2895; x_wconf 77' lang='grc' dir='ltr'><strong><em>ὦν</em></strong></span> <span class='ocrx_word' id='word_1_223' title='bbox 1002 2836 1215 2920; x_wconf 76' lang='grc' dir='ltr'><strong><em>μαρτυροῦσι,</em></strong></span> 
     </span>
     <span class='ocr_line' id='line_1_27' title="bbox 142 2926 1216 3020; baseline 0.001 -21"><span class='ocrx_word' id='word_1_224' title='bbox 142 2932 280 3009; x_wconf 86' lang='grc' dir='ltr'><strong><em>τούτους</em></strong></span> <span class='ocrx_word' id='word_1_225' title='bbox 299 2926 414 3020; x_wconf 79' lang='grc' dir='ltr'><strong><em>ἠξίουν</em></strong></span> <span class='ocrx_word' id='word_1_226' title='bbox 436 2929 587 2998; x_wconf 82' lang='grc' dir='ltr'><strong><em>έκδούναι</em></strong></span> <span class='ocrx_word' id='word_1_227' title='bbox 601 2928 662 3009; x_wconf 85' lang='grc' dir='ltr'><strong><em>τὰς</em></strong></span> <span class='ocrx_word' id='word_1_228' title='bbox 683 2936 898 3019; x_wconf 73' lang='grc' dir='ltr'><strong><em>θεραπαίνας</em></strong></span> <span class='ocrx_word' id='word_1_229' title='bbox 918 2930 1069 3012; x_wconf 72' lang='grc' dir='ltr'><strong><em>καὶτοὺς</em></strong></span> <span class='ocrx_word' id='word_1_230' title='bbox 1091 2933 1216 3011; x_wconf 77' lang='grc' dir='ltr'><strong><em>οἰκέτας</em></strong></span> 
     </span>
     <span class='ocr_line' id='line_1_28' title="bbox 144 3027 1216 3122; baseline 0.002 -21"><span class='ocrx_word' id='word_1_231' title='bbox 144 3040 224 3122; x_wconf 90' lang='grc' dir='ltr'><strong><em>περί</em></strong></span> <span class='ocrx_word' id='word_1_232' title='bbox 244 3059 281 3101; x_wconf 89' lang='grc' dir='ltr'><strong><em>τε</em></strong></span> <span class='ocrx_word' id='word_1_233' title='bbox 306 3032 511 3100; x_wconf 86' lang='grc' dir='ltr'><strong><em>τούτωνκαὶ</em></strong></span> <span class='ocrx_word' id='word_1_234' title='bbox 540 3036 708 3121; x_wconf 82' lang='grc' dir='ltr'><strong><em>περὶτῶν</em></strong></span> <span class='ocrx_word' id='word_1_235' title='bbox 731 3028 841 3099; x_wconf 83' lang='grc' dir='ltr'><strong><em>άλλων</em></strong></span> <span class='ocrx_word' id='word_1_236' title='bbox 870 3028 1029 3099; x_wconf 77' lang='grc' dir='ltr'><strong><em>ἁπάντων</em></strong></span> <span class='ocrx_word' id='word_1_237' title='bbox 1058 3027 1125 3102; x_wconf 81' lang='grc' dir='ltr'><strong><em>ὅσα</em></strong></span> <span class='ocrx_word' id='word_1_238' title='bbox 1145 3057 1216 3122; x_wconf 87' lang='grc' dir='ltr'><strong><em>τυγ-</em></strong></span> 
     </span>
     <span class='ocr_line' id='line_1_29' title="bbox 90 3127 1216 3220; baseline -0.004 -13"><span class='ocrx_word' id='word_1_239' title='bbox 90 3136 281 3220; x_wconf 88' lang='grc' dir='ltr'><strong><em>11χάνσυσι</em></strong></span> <span class='ocrx_word' id='word_1_240' title='bbox 304 3134 499 3212; x_wconf 88' lang='grc' dir='ltr'><strong><em>συνειδότες.</em></strong></span> <span class='ocrx_word' id='word_1_241' title='bbox 551 3129 648 3213; x_wconf 83' lang='grc' dir='ltr'><strong><em>οὗτος</em></strong></span> <span class='ocrx_word' id='word_1_242' title='bbox 670 3129 701 3201; x_wconf 75' lang='grc' dir='ltr'><strong><em>δ’</em></strong></span> <span class='ocrx_word' id='word_1_243' title='bbox 728 3131 746 3201; x_wconf 85' lang='grc' dir='ltr'><strong><em>δ</em></strong></span> <span class='ocrx_word' id='word_1_244' title='bbox 777 3138 833 3201; x_wconf 83' lang='grc' dir='ltr'><strong><em>νῦν</em></strong></span> <span class='ocrx_word' id='word_1_245' title='bbox 861 3130 946 3218; x_wconf 84' lang='grc' dir='ltr'><strong><em>ύμάς</em></strong></span> <span class='ocrx_word' id='word_1_246' title='bbox 973 3127 1130 3212; x_wconf 84' lang='grc' dir='ltr'><strong><em>άξιιύσων</em></strong></span> <span class='ocrx_word' id='word_1_247' title='bbox 1151 3148 1216 3212; x_wconf 84' lang='grc' dir='ltr'><strong><em>τοῖς</em></strong></span> 
     </span>
     <span class='ocr_line' id='line_1_30' title="bbox 145 3233 1216 3327; baseline -0.004 -22"><span class='ocrx_word' id='word_1_248' title='bbox 145 3235 246 3305; x_wconf 76' lang='grc' dir='ltr'><strong><em>αὑτοῦ</em></strong></span> <span class='ocrx_word' id='word_1_249' title='bbox 273 3236 418 3325; x_wconf 90' lang='grc' dir='ltr'><strong><em>μάρτυσι</em></strong></span> <span class='ocrx_word' id='word_1_250' title='bbox 446 3236 615 3305; x_wconf 90' lang='grc' dir='ltr'><strong><em>πιστεύειν</em></strong></span> <span class='ocrx_word' id='word_1_251' title='bbox 644 3237 744 3327; x_wconf 81' lang='grc' dir='ltr'><strong><em>ἐ’φυγε</em></strong></span> <span class='ocrx_word' id='word_1_252' title='bbox 771 3235 829 3324; x_wconf 82' lang='grc' dir='ltr'><strong><em>τὴν</em></strong></span> <span class='ocrx_word' id='word_1_253' title='bbox 850 3235 1008 3321; x_wconf 85' lang='grc' dir='ltr'><strong><em>βάσανον.</em></strong></span> <span class='ocrx_word' id='word_1_254' title='bbox 1056 3233 1216 3305; x_wconf 84' lang='grc' dir='ltr'><strong><em>καίτοιεί</em></strong></span> 
     </span>
     <span class='ocr_line' id='line_1_31' title="bbox 144 3334 1215 3430; baseline 0 -24"><span class='ocrx_word' id='word_1_255' title='bbox 144 3338 330 3430; x_wconf 80' lang='grc' dir='ltr'><strong><em>φανήσεται</em></strong></span> <span class='ocrx_word' id='word_1_256' title='bbox 344 3342 450 3405; x_wconf 83' lang='grc' dir='ltr'><strong><em>ταῦτα</em></strong></span> <span class='ocrx_word' id='word_1_257' title='bbox 465 3342 607 3424; x_wconf 83' lang='grc' dir='ltr'><strong><em>ποιῆσαι</em></strong></span> <span class='ocrx_word' id='word_1_258' title='bbox 620 3337 666 3426; x_wconf 79' lang='grc' dir='ltr'><strong><em>μὴ</em></strong></span> <span class='ocrx_word' id='word_1_259' title='bbox 683 3337 840 3424; x_wconf 70' lang='grc' dir='ltr'><strong><em>θελήσας,</em></strong></span> <span class='ocrx_word' id='word_1_260' title='bbox 863 3343 897 3403; x_wconf 93' lang='grc' dir='ltr'><strong><em>τί</em></strong></span> <span class='ocrx_word' id='word_1_261' title='bbox 910 3334 1135 3409; x_wconf 77' lang='grc' dir='ltr'><strong><em>ὑπολείπεται</em></strong></span> <span class='ocrx_word' id='word_1_262' title='bbox 1149 3351 1215 3415; x_wconf 80' lang='grc' dir='ltr'><strong><em>τοῖς</em></strong></span> 
     </span>
    </p>
   </div>
   <div class='ocr_carea' id='block_1_3' title="bbox 142 3540 1215 4035">
    <p class='ocr_par' dir='ltr' id='par_1_3' title="bbox 142 3540 1215 3936">
     <span class='ocr_line' id='line_1_32' title="bbox 229 3540 1215 3614; baseline -0.006 -17"><span class='ocrx_word' id='word_1_263' title='bbox 229 3546 244 3597; x_wconf 90' lang='grc'>3</span> <span class='ocrx_word' id='word_1_264' title='bbox 261 3546 443 3614; x_wconf 78' lang='grc' dir='ltr'><strong><em>γεγενημένην</em></strong></span> <span class='ocrx_word' id='word_1_265' title='bbox 460 3559 515 3610; x_wconf 87' lang='lat' dir='ltr'><strong>pr.‚·</strong></span> <span class='ocrx_word' id='word_1_266' title='bbox 527 3562 544 3597; x_wconf 88' lang='grc' dir='ltr'><strong><em>ν</em></strong></span> <span class='ocrx_word' id='word_1_267' title='bbox 562 3559 583 3596; x_wconf 83' lang='lat' dir='ltr'><strong><em>s.</em></strong></span> <span class='ocrx_word' id='word_1_268' title='bbox 601 3558 626 3595; x_wconf 87' lang='lat' dir='ltr'><strong><em>v.</em></strong></span> <span class='ocrx_word' id='word_1_269' title='bbox 645 3546 705 3609; x_wconf 84' lang='lat' dir='ltr'><strong>post</strong></span> <span class='ocrx_word' id='word_1_270' title='bbox 721 3559 782 3612; x_wconf 77' lang='grc' dir='ltr'><strong><em>γεγε</em></strong></span> <span class='ocrx_word' id='word_1_271' title='bbox 800 3540 858 3596; x_wconf 77' lang='grc' dir='ltr'><strong><em>εδδ.</em></strong></span> <span class='ocrx_word' id='word_1_272' title='bbox 876 3543 891 3593; x_wconf 81' lang='lat'><em>2</em></span> <span class='ocrx_word' id='word_1_273' title='bbox 914 3569 949 3580; x_wconf 93' lang='lat'><em>-</em></span> <span class='ocrx_word' id='word_1_274' title='bbox 967 3545 982 3594; x_wconf 82' lang='lat'><strong>5</strong></span> <span class='ocrx_word' id='word_1_275' title='bbox 1000 3543 1136 3613; x_wconf 75' lang='grc' dir='ltr'><strong><em>ἰε’τταραε</em></strong></span> <span class='ocrx_word' id='word_1_276' title='bbox 1151 3541 1215 3604; x_wconf 70' lang='lat' dir='ltr'><strong><em>Dbr„</em></strong></span> 
     </span>
     <span class='ocr_line' id='line_1_33' title="bbox 143 3624 1213 3699; baseline -0.006 -18"><span class='ocrx_word' id='word_1_277' title='bbox 143 3631 214 3699; x_wconf 79' lang='grc' dir='ltr'><strong><em>τροῖε</em></strong></span> <span class='ocrx_word' id='word_1_278' title='bbox 231 3627 307 3680; x_wconf 87' lang='lat' dir='ltr'><strong>Rsk.:</strong></span> <span class='ocrx_word' id='word_1_279' title='bbox 326 3625 473 3699; x_wconf 86' lang='grc' dir='ltr'><strong><em>τριάκοντα</em></strong></span> <span class='ocrx_word' id='word_1_280' title='bbox 490 3657 525 3667; x_wconf 91' lang='grc'><strong>-</strong></span> <span class='ocrx_word' id='word_1_281' title='bbox 543 3631 558 3679; x_wconf 80' lang='grc' dir='ltr'><strong><em>’ί</em></strong></span> <span class='ocrx_word' id='word_1_282' title='bbox 575 3626 742 3698; x_wconf 74' lang='grc' dir='ltr'><strong><em>γιγνέσθηνι</em></strong></span> <span class='ocrx_word' id='word_1_283' title='bbox 761 3641 809 3678; x_wconf 80' lang='lat' dir='ltr'><strong><em>em.</em></strong></span> <span class='ocrx_word' id='word_1_284' title='bbox 822 3625 893 3678; x_wconf 83' lang='lat' dir='ltr'><strong>Turr.</strong></span> <span class='ocrx_word' id='word_1_285' title='bbox 913 3655 946 3665; x_wconf 95' lang='lat'><em>-</em></span> <span class='ocrx_word' id='word_1_286' title='bbox 964 3629 1010 3676; x_wconf 80' lang='grc' dir='ltr'><strong><em>καὶ</em></strong></span> <span class='ocrx_word' id='word_1_287' title='bbox 1023 3626 1052 3678; x_wconf 80' lang='lat' dir='ltr'><strong><em>ft.</em></strong></span> <span class='ocrx_word' id='word_1_288' title='bbox 1065 3626 1115 3680; x_wconf 79' lang='lat' dir='ltr'><strong>del.</strong></span> <span class='ocrx_word' id='word_1_289' title='bbox 1159 3624 1213 3682; x_wconf 65' lang='lat'><strong><em>&amp;2</em></strong></span> 
     </span>
     <span class='ocr_line' id='line_1_34' title="bbox 143 3705 1214 3783; baseline -0.005 -19"><span class='ocrx_word' id='word_1_290' title='bbox 143 3712 262 3780; x_wconf 80' lang='lat' dir='ltr'><strong>Harpocr.</strong></span> <span class='ocrx_word' id='word_1_291' title='bbox 281 3728 306 3766; x_wconf 85' lang='lat' dir='ltr'><strong><em>v.</em></strong></span> <span class='ocrx_word' id='word_1_292' title='bbox 325 3709 490 3783; x_wconf 74' lang='grc' dir='ltr'><strong><em>Χολαργεύς·</em></strong></span> <span class='ocrx_word' id='word_1_293' title='bbox 507 3707 552 3766; x_wconf 63' lang='lat' dir='ltr'><strong><em>’Im</em></strong></span> <span class='ocrx_word' id='word_1_294' title='bbox 572 3712 603 3763; x_wconf 76' lang='grc' dir='ltr'><strong><em>ἐν</em></strong></span> <span class='ocrx_word' id='word_1_295' title='bbox 615 3730 640 3764; x_wconf 86' lang='grc' dir='ltr'><strong><em>τ.</em></strong></span> <span class='ocrx_word' id='word_1_296' title='bbox 658 3728 687 3763; x_wconf 86' lang='grc' dir='ltr'><strong><em>π.</em></strong></span> <span class='ocrx_word' id='word_1_297' title='bbox 706 3728 732 3763; x_wconf 83' lang='grc' dir='ltr'><strong><em>τ.</em></strong></span> <span class='ocrx_word' id='word_1_298' title='bbox 750 3714 875 3780; x_wconf 81' lang='grc' dir='ltr'><strong><em>Κιρωνοε</em></strong></span> <span class='ocrx_word' id='word_1_299' title='bbox 893 3712 934 3776; x_wconf 82' lang='lat' dir='ltr'><strong><em>(ex</em></strong></span> <span class='ocrx_word' id='word_1_300' title='bbox 952 3725 1001 3763; x_wconf 83' lang='lat' dir='ltr'><strong><em>em.</em></strong></span> <span class='ocrx_word' id='word_1_301' title='bbox 1019 3710 1167 3778; x_wconf 76' lang='lat' dir='ltr'>Blancar&#39;di)</span> <span class='ocrx_word' id='word_1_302' title='bbox 1178 3705 1214 3762; x_wconf 80' lang='grc' dir='ltr'><strong><em>τί.</em></strong></span> 
     </span>
     <span class='ocr_line' id='line_1_35' title="bbox 142 3790 1213 3867; baseline -0.007 -16"><span class='ocrx_word' id='word_1_303' title='bbox 142 3826 173 3836; x_wconf 90' lang='grc'><strong>-</strong></span> <span class='ocrx_word' id='word_1_304' title='bbox 194 3801 210 3851; x_wconf 81' lang='grc'>9</span> <span class='ocrx_word' id='word_1_305' title='bbox 228 3792 348 3867; x_wconf 69' lang='grc' dir='ltr'><strong><em>δρομὰς</em></strong></span> <span class='ocrx_word' id='word_1_306' title='bbox 364 3813 411 3866; x_wconf 69' lang='grc' dir='ltr'><strong><em>ητα,</em></strong></span> <span class='ocrx_word' id='word_1_307' title='bbox 434 3813 497 3851; x_wconf 83' lang='lat' dir='ltr'>corr.</span> <span class='ocrx_word' id='word_1_308' title='bbox 512 3799 531 3851; x_wconf 78' lang='grc' dir='ltr'><strong><em>-λ</em></strong></span> <span class='ocrx_word' id='word_1_309' title='bbox 555 3825 589 3835; x_wconf 87' lang='grc'>-</span> <span class='ocrx_word' id='word_1_310' title='bbox 612 3790 776 3847; x_wconf 76' lang='grc' dir='ltr'><strong><em>ἀποδίδωσιι</em></strong></span> <span class='ocrx_word' id='word_1_311' title='bbox 800 3810 849 3848; x_wconf 85' lang='lat' dir='ltr'><strong><em>em.</em></strong></span> <span class='ocrx_word' id='word_1_312' title='bbox 867 3795 929 3849; x_wconf 81' lang='lat' dir='ltr'>Rsk.</span> <span class='ocrx_word' id='word_1_313' title='bbox 998 3793 1030 3849; x_wconf 71' lang='lat'><strong><em>2.</em></strong></span> <span class='ocrx_word' id='word_1_314' title='bbox 1049 3791 1102 3860; x_wconf 81' lang='grc' dir='ltr'><strong><em>5-ἢ</em></strong></span> <span class='ocrx_word' id='word_1_315' title='bbox 1117 3794 1149 3847; x_wconf 85' lang='grc' dir='ltr'><strong><em>οδ</em></strong></span> <span class='ocrx_word' id='word_1_316' title='bbox 1169 3792 1213 3847; x_wconf 72' lang='grc' dir='ltr'><strong><em>λεί.</em></strong></span> 
     </span>
     <span class='ocr_line' id='line_1_36' title="bbox 143 3874 1213 3936; baseline -0.005 -3"><span class='ocrx_word' id='word_1_317' title='bbox 143 3881 229 3936; x_wconf 81' lang='lat' dir='ltr'>Baiter</span> <span class='ocrx_word' id='word_1_318' title='bbox 252 3911 285 3922; x_wconf 88' lang='lat'><em>-</em></span> <span class='ocrx_word' id='word_1_319' title='bbox 309 3881 332 3934; x_wconf 80' lang='grc' dir='ltr'><strong><em>εί</em></strong></span> <span class='ocrx_word' id='word_1_320' title='bbox 349 3883 375 3935; x_wconf 87' lang='lat' dir='ltr'><strong><em>in</em></strong></span> <span class='ocrx_word' id='word_1_321' title='bbox 393 3899 418 3936; x_wconf 87' lang='lat' dir='ltr'><strong><em>v.</em></strong></span> <span class='ocrx_word' id='word_1_322' title='bbox 437 3882 494 3936; x_wconf 79' lang='lat' dir='ltr'><strong>add.</strong></span> <span class='ocrx_word' id='word_1_323' title='bbox 517 3885 542 3936; x_wconf 82' lang='lat'><strong><em>1:</em></strong></span> <span class='ocrx_word' id='word_1_324' title='bbox 561 3881 610 3934; x_wconf 83' lang='lat' dir='ltr'><strong>del.</strong></span> <span class='ocrx_word' id='word_1_325' title='bbox 629 3878 707 3933; x_wconf 87' lang='lat' dir='ltr'><strong>Schb.</strong></span> <span class='ocrx_word' id='word_1_326' title='bbox 733 3910 766 3919; x_wconf 90' lang='lat'>—</span> <span class='ocrx_word' id='word_1_327' title='bbox 786 3883 800 3932; x_wconf 76' lang='lat'><strong>7</strong></span> <span class='ocrx_word' id='word_1_328' title='bbox 818 3874 880 3932; x_wconf 81' lang='grc' dir='ltr'><strong><em>τούι</em></strong></span> <span class='ocrx_word' id='word_1_329' title='bbox 896 3880 923 3932; x_wconf 88' lang='lat' dir='ltr'><strong><em>in</em></strong></span> <span class='ocrx_word' id='word_1_330' title='bbox 940 3894 990 3934; x_wconf 79' lang='lat' dir='ltr'><strong><em>ras.</em></strong></span> <span class='ocrx_word' id='word_1_331' title='bbox 1008 3883 1024 3933; x_wconf 75' lang='lat'><strong>3</strong></span> <span class='ocrx_word' id='word_1_332' title='bbox 1043 3881 1093 3934; x_wconf 59' lang='lat' dir='ltr'>litt,</span> <span class='ocrx_word' id='word_1_333' title='bbox 1112 3895 1175 3935; x_wconf 83' lang='lat' dir='ltr'><strong>corr.</strong></span> <span class='ocrx_word' id='word_1_334' title='bbox 1194 3881 1213 3931; x_wconf 88' lang='grc'><strong><em>1.</em></strong></span> 
     </span>
    </p>

    <p class='ocr_par' dir='ltr' id='par_1_4' title="bbox 227 3966 586 4035">
     <span class='ocr_line' id='line_1_37' title="bbox 227 3966 586 4035; baseline -0.008 -14"><span class='ocrx_word' id='word_1_335' title='bbox 227 3966 270 4022; x_wconf 80' lang='lat'><strong><em>10.</em></strong></span> <span class='ocrx_word' id='word_1_336' title='bbox 289 3971 303 4020; x_wconf 79' lang='grc' dir='ltr'><strong><em>λ</em></strong></span> <span class='ocrx_word' id='word_1_337' title='bbox 323 3969 352 4019; x_wconf 87' lang='grc' dir='ltr'><strong><em>ίκ</em></strong></span> <span class='ocrx_word' id='word_1_338' title='bbox 370 3984 433 4021; x_wconf 82' lang='lat' dir='ltr'><strong>corr.</strong></span> <span class='ocrx_word' id='word_1_339' title='bbox 453 3970 477 4031; x_wconf 83' lang='grc' dir='ltr'><strong><em>λ,</em></strong></span> <span class='ocrx_word' id='word_1_340' title='bbox 496 3966 532 4018; x_wconf 70' lang='grc' dir='ltr'><strong><em>εἰς</em></strong></span> <span class='ocrx_word' id='word_1_341' title='bbox 549 3983 586 4035; x_wconf 83' lang='lat' dir='ltr'><strong><em>pr.</em></strong></span> 
     </span>
    </p>
   </div>
   <div class='ocr_carea' id='block_1_4' title="bbox 0 0 1318 4476">
    <p class='ocr_par' dir='ltr' id='par_1_5' title="bbox 0 0 1318 4476">
     <span class='ocr_line' id='line_1_38' title="bbox 0 0 1318 4476; baseline 0 0"><span class='ocrx_word' id='word_1_342' title='bbox 0 0 1318 4476; x_wconf 95' lang='lat' dir='ltr'><strong><em> </em></strong></span> 
     </span>
    </p>
   </div>
  </div>
 </body>
</html>
