2626 4476
139 221 179 285 76
626 221 734 276 umor
915 197 917 201 ⁸
1151 238 1187 281 or.
1201 239 1225 280 ι.

140 395 296 478 εἰσιέναι,
319 384 393 459 ἄλλ’
421 385 622 458 ἀπέκλεισαν
644 394 685 477 τῇ
707 389 814 478 θύρᾳ,
841 388 1025 477 φάσκοντες
1047 381 1085 454 οδ
1109 413 1224 478 προσ-

139 495 229 583 ήκειν
252 487 370 572 αόταῖς
390 487 539 559 θάπτειν
555 486 766 580 Εὐκτήμονα·
788 494 845 558 καὶ
868 483 940 558 οὐδ’
959 489 1129 557 εἰσελθεῖν
1148 487 1222 557 έδό·

88 607 124 662 41
142 621 250 676 ναντο,
274 593 369 683 εἰμὴ
392 595 491 679 μόλις
517 596 673 682 καὶπερὶ
695 587 792 676 ἡλίου
815 591 952 676 δυσμάς.
999 591 1223 659 εἰσελθοῦσαι

141 698 381 782 δὲκατέλαβον
410 695 533 764 ἐκεῖνον
559 694 620 779 μὲν
650 692 744 762 ε’νδον
772 699 921 778 κείμενον
943 689 1203 781 δευτεραῖον,“
1174 718 1225 772 ως

141 798 272 888 ἔφασαν
295 799 327 864 ολ
349 797 492 878 οἰκέται,
521 795 563 863 τὰ
587 789 663 861 δ”
649 821 684 863 εκ
695 799 763 896 τῆς
785 787 937 873 οἰκίας“
915 820 1050 861 απαντα
1072 793 1224 883 ἐκπεφο-

141 896 298 1023 ρημένας
280 898 347 966 υπδ
362 898 500 966 τούτων.
539 925 574 965 αι
596 898 657 982 μὲν
671 894 729 965 σόν
743 911 903 982 γυναῖκες,
926 896 998 964 οἶον
1019 895 1118 975 εἰκός,
1141 897 1221 982 περὶ

140 1001 198 1070 τόν
213 999 466 1090 τετελευτηκότα
479 986 580 1088 ἦσαν·
604 993 698 1069 οὗτοι
713 1000 749 1067 δὲ
759 1013 831 1078 τοῖς
842 992 1096 1086 ἀκολουθήσασι
1106 1023 1225 1086 παρα·

137 1108 248 1193 χρήμα
277 1102 512 1170 ἐπεδείκνυσαν
541 1100 583 1168 τὰ
612 1096 754 1169 ἐὐδον(
728 1125 775 1179 ως
797 1097 878 1187 είχε,
906 1103 963 1168 και
983 1123 1064 1177 τους
1088 1097 1223 1179 οἰκέτας

141 1198 315 1292 πρῶτον
297 1202 435 1292 ηριότων
458 1201 607 1270 ἐναντίον
629 1196 797 1271 τοότων”
778 1227 846 1291 οπη
868 1205 1077 1289 τετραμμένα
1102 1200 1156 1290 ε’ίη
1178 1199 1223 1266 τά

90 1313 126 1369 42
138 1305 303 1394 χρήματα.
341 1304 503 1391 λεγόντων
525 1297 558 1371 δ’
576 1304 708 1373 ἐκείνων
724 1298 777 1372 ότι
797 1299 890 1372 οὗτοι
912 1303 1139 1392 ἐξενηνοχότες
1155 1300 1221 1371 είεν

142 1407 190 1486 εἰς
210 1406 271 1495 τὴν
293 1408 438 1496 πλησίον
460 1404 578 1489 οἰκίαν,
600 1410 656 1474 καὶ
682 1401 865 1485 ἀξιούντων
887 1409 1092 1494 παραχρῆμα
1113 1405 1220 1473 ταῖνδε

142 1511 259 1598 φωρᾶν
281 1507 366 1575 κατὰ
387 1506 446 1575 τόν
468 1508 569 1592 νόμον
591 1506 740 1584 καὶτοὺς
755 1508 885 1585 οἰκέτας
906 1505 1127 1586 ἐξαιτοόντων
1142 1505 1220 1585 τοὺς

142 1609 401 1698 ἐκφορήσαντας,
425 1604 482 1677 οόκ
503 1603 676 1697 ἠθέλησαν
697 1613 764 1676 τῶν
786 1610 924 1677 δικαίων
947 1602 1042 1675 οὐδὲν
1064 1613 1219 1698 ποιῆσαι.

141 1715 210 1779 Καὶ
232 1705 286 1778 ότι
308 1705 421 1800 ἀληθῆ
444 1713 537 1798 λέγω,
560 1712 641 1796 λαβὲ
662 1714 760 1778 ταυτί
781 1713 838 1778 καὶ
859 1704 1043 1797 ἀνάγνωθι.

565 1816 794 1869 ΜΑΡΤῩΡΙΑΙ.

91 1907 129 1963 43
233 1900 388 1964 Τοσαῦτα
416 1897 476 1981 μὲν
503 1902 614 1964 τοίνυν
633 1896 786 1986 χρήματα
809 1896 843 1965 ἐκ
863 1901 922 1986 τής
951 1897 1059 1974 οἰκίας
1080 1889 1219 1987 ἰκφορή·

144 2020 269 2079 σαντες,
292 1997 455 2087 τοσαύτης
484 1991 518 2063 δ’
545 1991 662 2076 οὖσίας
683 2004 900 2088 πεπραμένης
924 1997 984 2087 τήν
1005 1995 1106 2087 τιμήν
1129 1996 1220 2082 έχον-

142 2125 206 2182 τες,
230 2098 279 2167 ἐ’τι
302 2100 338 2166 δὲ
359 2097 421 2177 τὰς
442 2098 633 2187 προσόδους
654 2098 715 2179 τὰς
737 2098 771 2167 ἐν
794 2098 906 2227 ἐκείνην
929 2104 977 2187 τῷ
995 2099 1105 2187 χρόνῳ
1127 2124 1218 2187 γενο-

143 2206 245 2286 μένας
279 2199 559 2289 διαφορήσαντες,
597 2200 727 2267 οἴονται
760 2205 817 2268 καὶ
848 2228 915 2269 των
949 2204 1078 2268 λοιπῶν
1110 2200 1218 2291 κύριοι

143 2301 441 2390 γενήσεσθαι·καί
464 2300 513 2378 εἰς
533 2306 631 2368 τοῦτο
655 2295 826 2382 ἀναιδείας
847 2296 993 2392 ἥκουσιν,
1015 2295 1097 2369 ὥστ
1118 2297 1218 2370 εὐθυ-

144 2403 235 2492 δικίηι
262 2403 323 2488 μὲν
352 2396 410 2469 οἰκ
442 2401 627 2493 ἐτόλμησαν
656 2404 832 2487 εἰσελθεῖν,
868 2398 953 2472 ἀλλὰ
982 2392 1219 2493 διεμαρτόρουν

143 2529 190 2583 ως
211 2501 296 2594 ὗπὲρ
318 2511 462 2594 γνησίων
485 2497 554 2590 άμα
575 2505 617 2588 μὲ
619 2505 692 2572 ντὰ
716 2499 869 2628 ψευδή’
847 2533 916 2590 αμα
939 2506 975 2573 δὲ
991 2499 1154 2574 τάναντία
1169 2504 1217 2583 οίς

91 2617 128 2672 44
144 2601 238 2675 αὐτοὶ
263 2607 427 2730 ἐ’πραξρν·
451 2607 573 2684 οἵτινες
594 2605 681 2690 πρός
702 2605 811 2690 μέν
776 2632 835 2674 τον
858 2603 1004 2730 άρχοντα
1016 2599 1218 2696 άπέγραψαν

143 2703 263 2787 αὐτοὺς
285 2733 331 2786 ως
360 2704 460 2787 ὄντας
482 2706 539 2775 τόν
567 2709 628 2792 μὲν
647 2704 832 2796 Ἡγήμονος
853 2708 912 2777 τόν
939 2703 972 2776 δ’
994 2703 1217 2828 Ἐργαμένοος,

143 2813 200 2876 νῦν
223 2809 258 2876 δέ
282 2809 626 2910 διαμεμαρτυρήκασιν
648 2803 857 2899 Εὐκτήμονος
878 2808 975 2878 εἰναι.
1008 2817 1120 2880 καίτοι
1143 2802 1214 2879 οὐδ’

143 2908 174 2977 εἰ
200 2909 331 2997 γνήσιοι
358 2909 454 2998 ἦσαν,
484 2911 674 3001 εἰσποίητοι
702 2912 754 2994 δέ,
784 2937 830 2990 ως
859 2906 951 2980 οὗτοι
976 2911 1118 3002 ἔφασαν,
1142 2903 1215 2981 ουδ

143 3004 248 3132 οήτως
276 3016 442 3102 προσῆκεν
472 3007 591 3092 αότοδς
620 3007 830 3102 Εόκτήμονος
858 3010 1008 3081 εἶναι·
991 3014 1095 3103 ογόιρ
1118 3013 1217 3098 νόμος

142 3138 202 3179 ουκ
223 3111 263 3202 ἐᾷ
285 3111 475 3196 ἐπανιέναι,
507 3111 564 3181 ἰὰν
585 3114 630 3202 μή
652 3113 727 3183 υἰδν
748 3117 916 3204 καταλίπη
939 3109 1161 3204 γνήσιον.,“
1133 3139 1218 3183 ωστε

142 3217 198 3281 καί
226 3209 318 3293 ἐξ
290 3240 337 3281 ων
366 3209 461 3282 αυτοὶ
489 3210 683 3303 ἐ’πραξαν
665 3216 787 3305 ανάγκη
817 3215 876 3305 τήν
902 3222 1046 3306 μαρτυρί
1048 3244 1088 3284 αν
1109 3217 1216 3305 ψευδη

90 3326 128 3383 45
144 3313 240 3383 εἶναι
282 3319 339 3384 καί
361 3342 391 3384 ει
382 3316 524 3402 ’μέν’
486 3343 562 3385 τοτε
584 3318 807 3405 διεπράξαντο
822 3323 1047 3407 μισθωθῆναι
1066 3317 1146 3399 τοδς
1167 3317 1217 3386 σ’ί·

141 3444 232 3501 κους,
263 3413 321 3486 οὐκ
349 3408 390 3484 άυ
412 3418 462 3486 έτι
483 3405 522 3507 ήν
543 3420 657 3487 τοῖσδε
679 3413 951 3541 άμφισβητήσαι·
981 3423 1038 3509 νῦμ
1066 3415 1148 3488 δέ’
1130 3445 1215 3488 απο-

138 3519 441 3610 χειροτονησάντων
463 3546 529 3587 των
551 3516 756 3589 δικαστωυ“
731 3545 776 3599 ως
799 3514 948 3589 οόδεν’
910 3535 1023 3601 αυτοῖς
1040 3526 1214 3611 προσήκω,

211 3704 296 3773 3τὴν
313 3704 417 3778 θήρανε
436 3722 483 3761 em.
502 3706 562 3759 Dbr.
613 3705 658 3760 42.
679 3710 690 3759 1
711 3691 788 3758 οὗτοι
803 3723 851 3775 γε,
870 3723 932 3767 corr.
951 3712 962 3761 1
982 3738 1017 3746 —
1035 3711 1058 3763 2.
1073 3713 1088 3762 ³
1106 3709 1166 3762 τῶν
1182 3700 1211 3758 δ’

142 3790 257 3861 ἐφορᾶνε
282 3807 330 3845 em.
352 3791 453 3849 Petitus
470 3821 504 3831 -
528 3795 543 3845 6
561 3791 602 3843 tit.
627 3806 677 3843 om.
696 3791 722 3842 in
747 3790 796 3843 lac.
815 3793 911 3845 mitt:
930 3792 988 3845 add.
1006 3792 1068 3846 Rsk.
1137 3789 1180 3847 a
1199 3794 1212 3842 ἵ

141 3870 285 3930 τάναντία.
302 3892 341 3944 pr.
401 3873 446 3931 44.
464 3878 480 3928 2
498 3871 609 3927 ἑαυτοὺς
620 3891 667 3942 ρο,
684 3890 748 3929 corr.
762 3878 774 3927 1
795 3904 828 3914 -
845 3869 992 3948 Ἡγήμονος
1006 3876 1124 3945 Sauppe:
1141 3875 1214 3946 φιλο·

141 3958 279 4029 κτήμονοε.
348 3960 393 4016 45.
414 3964 426 4012 1
447 3955 628 4030 διαπράξεται
647 3975 695 4013 em.
714 3960 775 4013 Rsk.
793 3990 827 3998 —
846 3965 861 4015 3
880 3954 916 4014 τόν
933 3963 960 4014 in
977 3979 1002 4017 v.
1021 3962 1079 4015 αδδ.
1098 3967 1122 4016 1.
