2626 4476
93 277 115 317 p.
130 265 162 308 85.
405 251 481 304 ΠΕΡΙ
498 250 562 303 ΤΟΥ
578 251 696 304 ΛΓΝΙΟΥ
714 252 850 305 KAHPOI⁴
1111 248 1173 310 129

179 411 345 495 Ἀκούετε,
368 444 395 483 ω
381 404 599 540 άνδρες,’
579 446 633 486 οτι
656 415 673 486 ὁ
699 424 885 508 νομοθέτης
907 413 965 486 ούκ
988 416 1149 503 είπεν,’
1116 435 1224 490 εαν12

91 506 252 608 μηδεὶς
233 546 253 607 η
276 519 363 607 πρὸς
386 517 517 607 πατρὸς
544 526 640 607 μέχρι
663 514 813 605 ἀνεψιῶν
835 523 978 606 παίδων,
1007 521 1085 601 τούς
1108 527 1174 591 τῶν

92 615 289 705 ἀνεψιαδῶν
312 618 400 689 εἶναι
421 647 478 709 κυρ
482 627 562 702 ί,ους
586 616 671 688 άλλά
688 617 842 690 άπέδωκε
855 636 927 701 τοῖς
948 622 1036 712 πρός
1049 623 1174 713 μητρός

91 747 152 788 του
139 714 499 810 Μ’τελεετήσαντος,
477 749 518 789 αν
544 720 641 810 ἡμεῖς
669 722 713 811 μὴ
738 710 837 809 ῶμεν,
864 725 924 813 τὴν
952 728 1174 848 κληρονομίαν

91 819 173 911 ἤδη,
204 817 364 912 ἀδελφοῖς
391 826 448 891 καὶ
471 817 634 913 άδελφαῖς
656 827 711 892 καί
733 829 878 894 παισί
863 839 935 904 τοῖς
962 827 1090 894 τούτων
1117 830 1173 894 καί

92 937 166 1003 τοῖς
189 921 312 1003 άλλοις,
335 923 419 991 κατὰ
440 918 546 991 ταύτὰ
568 926 727 1010 καθάπερ
748 929 804 995 καὶ
828 927 865 1007 ἐξ
891 921 991 1016 άρχης
1012 914 1052 1016 ἦν
1074 924 1172 996 ύπει·

92 1031 252 1116 ρημένον·
280 1025 358 1106 τούς
387 1028 423 1094 δέ
451 1023 630 1117 ἡμετέρους
658 1027 786 1106 παῖδας
814 1028 876 1107 ἐξω
901 1032 960 1115 τῆς
984 1022 1172 1115 ἀγχιστείας

94 1127 263 1217 ἐποίησεν.
308 1128 359 1206 οίς
388 1129 425 1195 δέ
452 1123 532 1219 μηδ’
559 1128 589 1195 εἰ
616 1132 672 1196 καί
693 1117 992 1219 τετελευτηκῶςῇν
1018 1131 1096 1218 ἐγώ,
1121 1132 1172 1199 δί·

94 1230 199 1297 δωσιν
221 1226 239 1296 ό
264 1229 364 1314 νόμος
379 1229 439 1318 την
461 1227 597 1316 Ἁγνίου,
607 1233 837 1320 κληρονομίαν,
861 1235 936 1310 πῶς
955 1231 1076 1327 ζῶντος
1092 1231 1173 1317 ἐμοῦ

93 1333 207 1398 τεκαὶ
228 1331 313 1398 κατὰ
335 1331 413 1410 τούς
435 1332 557 1417 νόμους
578 1332 709 1415 ἐχοντος
725 1333 853 1400 οἴονται
877 1329 990 1411 αύτοῖς
1013 1331 1172 1421 εἶναιτὴν

94 1425 301 1518 άγχιστείαν,·
323 1427 479 1518 οὐδαμῶς
508 1433 692 1522 δήπουθεν.
716 1427 801 1499 άλλά
822 1433 888 1520 μὴν
914 1433 944 1500 εἰ
971 1435 1104 1512 τούτοις
1125 1434 1170 1523 μὴ
1189 1451 1223 1508 18

92 1537 255 1617 μέτεστιν,
288 1528 334 1600 ῶν
367 1535 400 1600 οι
432 1540 577 1621 πατέρες
609 1527 731 1602 ταύτδν
766 1533 841 1619 ἐμοὶ
880 1539 1061 1623 προσῆκον,
1095 1531 1172 1604 ούδέ

93 1634 201 1754 τούτῳ
222 1661 269 1722 τῳ
257 1635 443 1703 παιδὶί
408 1642 571 1758 γίγνεται
594 1638 649 1702 καὶ
671 1634 734 1724 γὰρ
750 1632 767 1703 ό
783 1635 902 1704 τούτου
918 1662 1031 1726 πατηρ
1047 1634 1173 1722 ὁμοίιος

93 1721 135 1823 ἦν
159 1735 225 1803 ἐκεί
212 1742 295 1816 ίνοις
319 1738 483 1826 συγγενής.
522 1732 580 1805 ούκ
603 1724 660 1805 ούν
681 1737 790 1807 δεινδν
813 1737 888 1823 ἐμοὶ
909 1740 969 1824 μέν
991 1739 1172 1829 διαρρήδην

94 1830 182 1903 ούτω
202 1843 269 1905 τῶν
293 1839 405 1923 νόμων
428 1838 678 1908 δεδωκότων
641 1866 702 1927 την
724 1841 953 1929 κληρονομίαν,
975 1841 1114 1919 τούτους
1136 1835 1168 1906 δ’

95 1939 158 2017 ἐξω
187 1943 246 2028 τῆς
275 1939 464 2027 ἀγχιστείας
492 1940 736 2030 πεποιηκότων,
765 1943 891 2025 τολμᾶν
921 1946 1052 2009 τουτονὶ
1075 1964 1172 2009 συκο-

93 2055 243 2129 φαντεῖν,
271 2045 327 2109 καὶ
357 2043 630 2130 διαγωνίσασθαι
659 2048 729 2128 μέν,
757 2037 845 2129 ἡνίκ’
872 2041 933 2129 ἐγῶ
963 2047 1023 2110 τού
1050 2043 1171 2132 κλήρου

92 2141 153 2228 τὴν
166 2141 258 2231 δίκην
273 2140 459 2230 ἐλάγχανον,
480 2146 484 2230 Ι
503 2144 547 2232 μὴ
565 2146 702 2213 οἴεσθαι
716 2144 793 2226 δεῖν,
809 2143 893 2233 μηδέ
908 2144 1171 2231 παρακαταβάλ-

94 2246 173 2324 λειν,
191 2237 230 2309 ού
244 2246 324 2330 περὶ
338 2249 405 2313 τῶν
419 2246 580 2313 τοιούτων
604 2247 636 2312 εἴ
654 2272 689 2312 τι
712 2246 841 2313 δίκαιον
857 2243 941 2329 εἶχεν
966 2246 1074 2314 εἰπεῖν
1097 2247 1171 2313 δια-

92 2348 289 2434 γνωσθῆναι
303 2351 479 2435 προσῆκεν,
503 2346 562 2414 ἐπὶ
577 2347 614 2414 δέ
627 2351 686 2413 τού
702 2346 826 2425 παιδός
840 2341 981 2432 όνόματι
997 2341 1168 2437 πράγματ’

95 2444 169 2530 ἐμοὶ
191 2451 348 2533 παρέχειν
370 2451 427 2516 καλ
448 2452 528 2537 περὶ
549 2452 616 2514 τῶν
636 2453 801 2534 μεγίστων
825 2447 873 2524 εἰς
894 2448 1044 2515 κίνδυνον
1065 2454 1168 2516 καδι-

94 2547 232 2630 στάναι,·
253 2552 310 2616 καλ
332 2553 412 2638 περὶ
432 2550 493 2634 μέν
514 2554 581 2617 τῶν
603 2545 875 2634 ὁμολογουμένων
897 2546 983 2616 ελναι
1005 2552 1064 2615 τού
1086 2574 1169 2616 παι·
1186 2571 1222 2627 14

94 2647 153 2727 δός
179 2650 357 2738 χρημάτων
384 2646 465 2741 μηδ’
499 2651 682 2720 αἰτιᾶσθαί
713 2675 770 2734 με,
804 2645 884 2741 μηδ’
910 2643 956 2729 ῶς
984 2676 1018 2718 τι
1047 2652 1170 2740 εἴληφα

94 2749 180 2832 ἐχειν
202 2751 311 2818 εἰπεῖν
335 2789 372 2799 -
398 2746 454 2841 ἐφ’
474 2751 534 2837 οἷς,
558 2753 636 2820 εἴτι
653 2747 760 2820 αύτῶν
775 2757 882 2831 κακῶς
900 2751 1039 2838 διηίκουν
1055 2745 1169 2842 ῶσπερ

94 2845 199 2935 οὗτος,
222 2858 401 2940 κρίνεσθαί
421 2879 481 2938 μοι
502 2858 678 2943 προσῆκεν,
701 2892 742 2904 -
766 2853 787 2921 ἃ
817 2848 848 2920 δ’
874 2851 968 2939 ὑμεῖς
997 2851 1060 2938 ἐμά
1084 2851 1171 2922 είναι

94 2950 327 3074 ἐψηφίσασθε,
349 2959 398 3041 τῶ
418 2957 611 3044 βουλομένω
633 2957 747 3034 δόντες
769 2953 924 3035 ἐξουσίαν
946 2949 1170 3045 άμφισβητεῖν

95 3047 214 3136 αύτῶν,
237 3054 295 3123 ἐπὶ
318 3056 450 3134 τούτοις
472 3056 548 3142 ἐμοὶ
567 3057 739 3136 τοιούτους
762 3051 892 3145 όιγῶνας
906 3056 1170 3145 παρασκευάζειν

94 3157 148 3223 καὶ
172 3155 221 3234 είς
242 3161 341 3225 τοῦτο
365 3152 640 3240 ἀναισχυντίας
619 3183 726 3246 ηκειν,·

184 3257 311 3342 Οέομαι
331 3245 451 3345 μὲν
415 3285 472 3327 ουν
494 3258 587 3326 καῖ’
574 3283 608 3326 εκ
622 3264 689 3327 τῶν
710 3255 772 3348 ηδη
797 3259 977 3348 εἰρημένων
991 3259 1168 3347 γιγνῶσκε·
1185 3281 1220 3336 15

178 3476 221 3530 12.
242 3475 348 3547 ἳπρὸσ
366 3497 440 3548 πατρ
459 3479 485 3529 in
503 3493 552 3531 ras.
571 3479 655 3533 olitt.
673 3494 736 3531 corr
758 3484 822 3532 1—
840 3478 974 3534 θταῦταε
994 3494 1042 3531 em.
1055 3476 1117 3531 Rsk.
1135 3506 1169 3516 -

80 3554 187 3660 ”8γιηδ’
199 3579 222 3612 ει
215 3560 280 3613 καί
291 3551 521 3629 τιτελευτηκωεω
533 3560 587 3634 ἐγω
600 3553 698 3616 Rsk.
663 3583 717 3628 ην
729 3561 783 3635 ἐγω
795 3563 855 3617 Dbr.
857 3556 987 3631 μηδὲ
955 3583 1006 3616 nav
1016 3561 1170 3632 τετελευτη-

94 3641 171 3698 κύτει
188 3634 259 3698 ῶσιν
276 3645 330 3699 οίοε
348 3645 403 3719 ίγεά
422 3648 537 3717 Sauppe:
555 3643 621 3716 μηδ’
637 3649 662 3700 εί
677 3653 723 3700 καὶ
739 3645 956 3715 τετελευτηκότος
975 3636 1083 3703 τίσιν
1063 3665 1099 3701 ωε
1115 3647 1169 3722 ίγῶ

93 3758 127 3768 -
144 3733 160 3783 9
179 3730 245 3799 ίμυυ
261 3749 292 3784 τε
311 3734 424 3796 ζῶντοεε
444 3741 540 3802 transp.
559 3733 591 3787 de
609 3749 666 3787 meo
685 3744 824 3802 praeeunte
837 3734 897 3787 Dbr.
965 3732 1008 3789 18.
1029 3738 1041 3789 ί
1061 3731 1171 3788 τούτους

94 3830 131 3881 pr.
149 3844 184 3854 -
201 3819 218 3869 6
236 3815 416 3882 πεποιηκότος
432 3834 479 3885 ρο,
497 3835 563 3872 corr.
580 3824 643 3871 l-
661 3822 677 3872 9
695 3815 726 3871 ού
745 3835 808 3874 corr.
822 3823 846 3886 2,
863 3814 895 3871 οὗ
914 3836 951 3886 pr.
965 3849 998 3859 -
1018 3823 1050 3873 10
1067 3820 1170 3887 τῷτοῦ

93 3898 920 3971 δολιοειιιμ-11.12ιιαδιοτάναιρε.,καδιστᾶναιοοττ.λ.
973 3905 1016 3958 14.
1036 3906 1050 3956 2
1069 3901 1170 3976 χρὴμ..

93 3999 141 4051 pr„
160 4000 224 4039 corr.
243 3989 311 4039 2-
276 3984 447 4057 -ίὴμεῖει
466 4005 515 4045 em.
534 3989 591 4041 Ald.

142 4077 225 4122 Ιειοιιε.
966 4076 982 4126 9
