2626 4476
57 286 78 326 p.
92 275 127 318 65.
309 255 386 309 ΠΕΡΙ
403 255 468 309 ΤΟΥ
483 252 726 311 ΑΠΟΛΛΟΔΩΡΟΥ
743 254 880 308 ΚΛΗΡΟΥ.
1096 251 1135 314 87

57 424 214 513 τυρηκύσι
237 425 418 506 πιστεύειν,
441 427 496 492 καὶ
520 424 641 502 οἵτινες
663 427 729 490 τῶν
752 420 878 508 ὁμοίως
900 423 1138 512 προσηκόντων
1199 462 1204 471 ·

60 528 169 614 έργοις
191 530 345 616 φανερῶς
366 525 654 615 μεμαρτυρήκασιν
677 521 723 604 ὥς
747 524 869 604 ἐκεῖνος
894 530 1001 593 ταῦτα
1022 520 1138 614 ὀρθῶς

58 633 115 696 καὶ
142 629 227 696 κατὰ
256 628 333 707 τούς
363 628 484 713 νόμους
514 627 648 713 έπραξε.
704 630 864 695 κατέλιπε
896 627 960 716 γὰρ
988 623 1138 708 Εύπολις

59 736 248 819 θυγατέρας
264 730 332 812 δύο,
356 731 478 820 ταύτην
493 755 529 796 τε
544 728 564 817 ἣ
581 732 638 797 νῦν
656 722 862 820 ἀμφισβητεῖ
883 733 939 798 καὶ
960 731 1139 817 Προνύπει

60 846 215 914 συνοικεῖ,
238 834 294 899 καὶ
318 828 419 921 ἀλλην
441 831 482 919 ἣν
504 831 596 914 ἐ’σχεν
610 829 776 920 Αἰσχίνης
798 827 1018 913 ὁΛουσιεύς,
1041 831 1061 920 ἣ
1085 857 1138 899 τε·

58 934 250 1024 τελεύτηκεν
279 932 351 1000 υἱὸν
383 929 488 1019 ἀνδρα
516 928 578 1022 ἤδη
607 935 857 1015 καταλιποῦσα,
890 933 1137 1021 Θρασύβουλον.

59 1035 133 1104 ε’στι
156 1036 192 1102 δέ
214 1035 316 1120 νόμος
336 1034 450 1120 (ος),
436 1033 493 1101 εὰν
517 1029 701 1124 ἀδελφὸς“
684 1033 868 1122 ομοπύτωρ
892 1029 998 1113 ἀπαις
1025 1037 1137 1102 τελευ-
1154 1043 1192 1098 19

58 1137 142 1225 τηση
165 1137 288 1226 καὶμὴ
313 1138 524 1221 διαθέμενος,
547 1136 606 1226 τήν
627 1162 665 1203 τε
688 1130 920 1225 ἀδελφὴνὸμο
924 1143 999 1218 ί,ως
1022 1127 1082 1204 κάν
1105 1136 1141 1215 εξ

60 1265 96 1327 ετ
99 1245 176 1327 έρας
199 1233 446 1330 ἀθεληκδους’
429 1265 449 1356 η
473 1238 629 1325 γεγονώς,
662 1239 854 1364 ίσημοίρους
875 1242 942 1305 τῶν
960 1238 1139 1327 χρημάτων

60 1323 255 1462 καθίστησι
299 1343 353 1407 καὶ
383 1344 482 1408 τοῦτο
512 1334 569 1407 ούκ
593 1334 812 1428 ἀγνοούμενύν
835 1338 925 1408 ἐστιν
952 1335 1027 1407 οὐδὲ
1050 1366 1120 1462 παρ
1202 1338 1205 1343 ’

61 1434 176 1522 αὐτοῖς
198 1442 339 1522 τούτοις.
384 1442 468 1531 έργηι
442 1443 558 1531 γὰρ
582 1437 675 1510 οὗτοι
698 1441 843 1532 φανερὸν
871 1445 969 1509 τοῦτο
992 1442 1139 1530 πεποιη-

60 1566 154 1614 κασι·
189 1549 248 1612 τοῦ
280 1544 342 1632 γὰρ
371 1539 561 1624 Εὐπόλιδος
589 1546 679 1622 υιέος
707 1539 860 1645 ἀπαιόος
880 1537 1138 1631 Ἀπολλοδώρου

60 1645 319 1734 τελευτησαντος
351 1647 392 1713 τὰ
421 1644 545 1736 ημίσεα
576 1640 811 1735 Θρασύβουλος
841 1646 992 1736 ε’ίληφεν,
1023 1638 1139 1723 ούσίας

59 1749 118 1814 καὶ
141 1747 404 1815 πεντεταλάντου
418 1751 642 1871 κατηλειφθεί
644 1771 704 1838 σης
725 1749 803 1838 ῥηιὸί
805 1773 859 1826 ως.
896 1746 1064 1835 πατρῴων
1078 1745 1138 1830 μέν
1154 1754 1193 1810 20

62 1836 119 1916 σύν
142 1853 198 1916 καὶ
222 1842 370 1940 ἀδελφοῦ
388 1850 566 1940 χρημάτων
588 1848 626 1918 τὸ
650 1849 724 1926 ἰ’σον
741 1843 854 1928 αὐτοῖς
876 1845 893 1916 6
915 1849 1016 1942 νόμος
1037 1873 1139 1933 μετα-

61 1956 202 2036 σχεῖνί
168 1938 202 2016 ὄί
203 1951 321 2033 ὄωσιν
346 1945 489 2038 ἀνεψιου
512 1954 557 2033 δέ,
580 1954 636 2018 καὶ
652 1953 685 2019 εί
704 1977 756 2031 τις
771 1951 833 2030 ἐ’ξω
848 1950 970 2070 ταύτης
988 1953 1046 2039 τῆς
1062 1971 1139 2066 συγ-

60 2057 191 2139 γενείας
213 2050 313 2135 ἐστίν,
338 2048 396 2120 ούκ
418 2054 502 2136 ἰ’σον,
527 2047 612 2120 ἀλλὰ
634 2058 813 2142 προτέροις
829 2066 902 2131 τοῖς
924 2049 1058 2140 ἀρρεσιν
1073 2053 1140 2116 τῶν

62 2152 268 2242 θηλειῶν
231 2180 292 2243 την
315 2148 504 2242 ἀγχιστείαν
528 2179 619 2221 πεπο
622 2162 701 2245 ίηκε.
736 2158 823 2242 λέγει
842 2156 906 2282 χύρ
931 2167 1081 2241 ,κρατεῖν
1104 2152 1140 2232 δὲ

61 2253 141 2333 τούς
164 2250 301 2376 ἀρρενας
323 2256 478 2336 καὶτοὺς
500 2255 534 2323 ἐκ
556 2260 623 2324 τῶν
646 2252 800 2345 ἀρρένων,
824 2283 857 2323 οι
873 2246 913 2323 ἀν
936 2255 970 2322 ἐκ
992 2258 1057 2321 τῶν
1082 2247 1140 2321 αύ-

61 2360 130 2423 τιῦν
153 2343 231 2440 ὦσι,
259 2348 320 2424 κάν
341 2363 428 2445 γένει
451 2353 615 2446 ἀπωτέρω
637 2358 840 2445 τυγχάνωσιν
869 2352 992 2436 ύντες.“
1038 2356 1139 2445 ταύτη

62 2459 123 2542 μέν
139 2445 196 2526 σύν
212 2453 288 2526 0666
301 2464 422 2547 μέρους
438 2462 548 2561 λαχεῖν
562 2463 719 2548 προσῆκε,
738 2458 962 2579 Θρασυβούλῳ
979 2453 1050 2524 66‘
1031 2457 1140 2524 απύν

63 2587 139 2643 των,
164 2560 193 2628 εἰ
190 2587 260 2729 ίμη
248 2557 430 2649 κυρίαν“
411 2575 523 2648 ηγεῖτο
539 2557 626 2628 εἶναι
645 2587 705 2649 την
721 2559 802 2646 ἐμὴν
817 2556 932 2627 εἰσποί
919 2565 1019 2685 ίησιν.
1057 2557 1139 2626 εκεῖ·
1157 2552 1210 2626 21'

64 2761 155 2832 ούτε
167 2768 223 2834 νῦν
190 2669 346 2863 ίὸίκην
375 2763 483 2852 ε’ίληχε
512 2767 593 2851 περὶ
622 2757 745 2848 αάτιῦν,
782 2757 866 2830 ἀλλὰ
895 2765 1000 2830 ταῦτα
1029 2760 1140 2828 πάντα

63 2863 212 2954 καλῶς”
195 2878 281 2948 εχειν
302 2861 526 2955 ὡμολόγηκεν·
551 2866 584 2931 οι
608 2857 640 2932 δ’
663 2862 751 2952 υπέρ
773 2865 895 2955 ταύτης
916 2863 1053 2931 πάντων
1077 2857 1140 2949 ἀμ-

63 2973 241 3058 φισβητεῖν
262 2965 516 3055 τετολμήκασιν·
548 2965 596 3046 εἷς
624 2970 722 3034 τοῦτο
746 2959 918 3043 ἀναιδείας
944 2964 1139 3054 ἐληλύθασι.

65 3069 165 3155 Λαβέ
188 3062 359 3158 δὴαάτοῖς
373 3067 451 3147 τοὺς
473 3066 603 3152 νόμους,
627 3092 697 3155 παρ
731 3093 788 3146 ους
801 3093 908 3134 ταυτα
922 3067 1154 3169 πεποιήκασι,

65 3174 120 3237 καὶ
143 3164 327 3256 ἀνάγνωθι.

466 3316 470 3323 .
533 3272 680 3339 κακοὶ.

150 3493 194 3548 18.
212 3495 227 3545 2
246 3494 291 3542 καὶ
308 3490 417 3544 οἵτινιει
443 3487 470 3542 εἴ
482 3507 555 3548 τινες
572 3491 642 3556 ΒεΙι,
659 3490 684 3543 εί
700 3495 748 3543 καί
763 3505 835 3543 τινες
852 3488 910 3554 Bk,
930 3489 990 3540 ἐπεὶ
1007 3492 1056 3540 καί
1070 3503 1141 3540 τινεε

65 3577 178 3645 Sauppe,
196 3576 225 3628 ft.
244 3570 301 3642 ὅσῳ
319 3581 367 3626 καί
382 3594 407 3628 τ.
425 3563 459 3613 -’
477 3578 492 3628 3
510 3577 561 3642 leg.
579 3578 651 3646 έργηι
670 3605 703 3614 -
720 3580 736 3629 4
754 3571 896 3638 κατέλειπε
913 3591 950 3642 pr.
1018 3571 1061 3626 19.
1084 3577 1093 3626 1
1114 3567 1143 3625 34·

66 3660 245 3714 111111.-
264 3664 279 3714 2
297 3656 509 3731 ἀδιλφ..ὴνρῐ,
527 3665 671 3714 σοτΜ-
689 3654 741 3712 κάν
758 3676 822 3714 corr.
836 3665 859 3725 1,
877 3662 922 3710 καὶ
934 3674 971 3727 pr
989 3685 1023 3696 —
1041 3659 1057 3711 ⁸
1076 3675 1141 3710 πεν-

66 3742 299 3814 ταταλάντουρι,
317 3760 382 3798 corr.
402 3750 424 3799 1.
491 3744 554 3799 2⁰.
573 3741 853 3816 1τυγχάνοσινρι.,
872 3759 935 3798 corr.
954 3746 1026 3795 2-
1045 3736 1143 3795 Θούδέ

67 3829 137 3884 1516:
150 3824 280 3882 066&—
246 3833 375 3902 μέρος
387 3845 433 3897 pr
440 3845 510 3884 ηιοιι
524 3833 587 3882 1-
604 3825 797 3899 θρασυβουλυυ
809 3846 856 3898 pr
875 3831 976 3883 corr..1
1027 3825 1071 3881 21
1090 3831 1114 3880 1.
1127 3829 1142 3880 2

67 3901 166 3969 ’ἀνέωσε
182 3902 277 3969 τοῖνῖιν
291 3914 295 3984 Ι
311 3916 409 3967 έκιννοε
421 3919 565 3968 τοίνυν
583 3908 682 3967 1-οἱι1’
697 3928 744 3981 pr„
762 3911 817 3969 οἵδ’
832 3919 936 3978 αοετ.;2
954 3913 1016 3965 nem
1029 3913 1071 3979 23
1082 3914 1146 3964 2-

69 4000 135 4052 8111.
153 3995 244 4068 νόμοιε
263 4015 310 4053 em.
329 3999 386 4052 Ald.
