2626 4476
217 273 237 334 6
706 273 814 329 σιιοι
1229 292 1265 334 οε.
1280 295 1301 334 1.

217 445 254 511 δὲ
283 442 424 525 τούτων,
459 443 477 510 ὃ
511 449 667 530 με’γιστον
696 440 775 532 ἡμῖν
802 443 977 531 τεκμήριον
1006 436 1060 510 δτι
1089 437 1165 511 οὐδὲ
1192 447 1301 512 ταῦτα

218 541 409 634 ἔπραξενε
389 549 477 633 ημᾶς
501 545 669 664 βλάπτειν
698 544 916 630 βουλόμενος·
950 544 1208 633 τελευτήσαντος
1235 545 1300 668 γὰρ

218 652 355 715 Δεινίου
382 651 439 714 καί
466 651 534 719 τῶν
563 641 770 735 πραγμάτων
798 643 877 770 ἡμῖν
906 651 1068 769 πονηρῶς
1090 642 1296 729 ἐχόντων
1259 674 1299 715 ου

218 746 435 838 περιεῖδεν“
415 754 504 838 ημᾶς
533 743 668 828 ούδενδς
697 745 868 828 ἔνδεεῖς”
848 774 964 836 οντας,
994 742 1117 816 ἀλλα
1096 743 1215 828 αύτούς
1237 751 1300 834 μέν

219 851 268 930 εἷς
294 851 354 940 την
383 851 491 919 οἰκίαν
512 851 573 940 τὴν
597 848 698 919 αύτού
719 851 942 936 κομισάμενος
970 849 1037 917 ἐπα
1040 851 1143 934 ίδευε,
1172 851 1232 938 τὴν
1262 845 1295 918 δ’

188 980 194 995 ’
219 946 337 1021 οὐσίαν
360 947 554 1041 ἀφελέσθαι
574 957 642 1020 τῶν
661 953 813 1042 χρήστων
837 952 1146 1038 ἐπιβουλευσάντων
1173 952 1299 1021 ἐ’σωσεν

218 1050 314 1143 ἡμῖν,
349 1054 543 1139 ἐπεμελεῐτά
572 1081 608 1122 τε
637 1052 765 1140 ὁμοίως
792 1059 859 1122 τῶν
886 1052 1055 1144 ἡμετέρων
1085 1049 1199 1143 ὥσπερ
1229 1060 1299 1123 τῶν

165 1168 201 1225 18
220 1152 321 1222 αὑτοῦ
343 1157 559 1287 πραγμάτων.
596 1165 707 1225 καίτοι
727 1157 788 1246 χρὴ
812 1163 957 1284 θεωρεῖν
973 1151 1074 1224 αύτοῦ
1090 1156 1151 1246 τὴν
1166 1157 1300 1226 ’έννοιαν

218 1261 253 1329 ἐκ
274 1262 400 1328 τούτων
422 1266 489 1328 τῶν
511 1261 614 1349 ἔργων
636 1250 828 1348 μᾶλλονῆ’
814 1285 848 1329 εκ
862 1263 929 1328 τῶν
948 1260 1130 1349 διαθηκων,
1154 1264 1208 1327 καὶ
1223 1285 1299 1327 τεκ-

216 1370 352 1453 μηρίοις
371 1367 523 1452 χρῆσθαι
543 1361 588 1450 μὴ
611 1377 682 1440 τοῖς
704 1356 777 1446 μετ’
810 1356 908 1449 ὀργῆς
937 1368 1158 1449 πραχθεῖσιν,
1189 1361 1223 1428 έν
1247 1362 1299 1440 οἶς

219 1459 366 1544 άπαντες
387 1461 583 1555 πεφύκαμεν
602 1461 815 1553 ἁμαρτάνειν,
839 1457 950 1530 ἀλλ”
933 1459 994 1592 αρ’
1014 1459 1060 1531 ῶν
1075 1458 1212 1553 ὕστερον
1228 1490 1300 1553 φα
1302 1491 1304 1494 ’

198 1567 316 1656 νεράν
341 1567 401 1656 τὴν
431 1564 532 1634 αὑτοῦ
562 1566 715 1635 διάνοιαν
744 1565 910 1654 εποίησεν.
955 1566 1005 1634 έτι
1027 1565 1089 1653 γάρ
1112 1565 1299 1650 μάλλονέν

165 1676 203 1734 14
218 1685 291 1748 τοῖς
312 1672 516 1746 τελευταίοις
538 1665 751 1756 ἐδήλωσεν<
726 1693 772 1745 ως
795 1666 860 1750 εἶχε
888 1667 975 1756 πρὸς
1003 1665 1100 1756 ἡμᾶς.
1144 1664 1207 1756 ἤδη
1233 1667 1298 1756 γὰρ

219 1765 374 1838 ἀσθενῶν
403 1770 527 1859 ταύτην
551 1769 612 1859 τὴν
638 1771 737 1839 νόσον
766 1770 802 1849 ἐξ
822 1765 862 1857 ἧς
884 1769 1103 1858 ἐτελεύτησεν,
1127 1768 1297 1860 ἐβουλήθη

216 1873 341 1951 ταύτας
362 1873 424 1951 τὰς
445 1872 612 1960 διαθήκας
635 1867 763 1940 ἀνελεῖν
784 1875 841 1940 καὶ
862 1872 1049 1960 προσέταξε
1063 1873 1297 1960 Ποσειδίππῳ

217 1975 278 2062 τὴν
301 1969 401 2062 ἀρχὴν
425 1974 621 2060 εἰσαγαγεῖν.
666 1970 737 2041 δδέ
753 1968 791 2040 ού
806 1973 909 2058 μόνον
931 1961 988 2041 υύκ
1004 1973 1185 2061 εἰσήγαγεν,
1208 1966 1296 2042 ἀλλὰ

216 2080 274 2144 καὶ
294 2076 354 2145 τὸν
377 2076 523 2144 ἐλθόντα
539 2080 606 2141 τῶν
622 2069 790 2165 ἀρχόντων
806 2074 865 2142 ἐπὶ
878 2075 939 2164 την
952 2076 1063 2165 θύραν
1079 2073 1296 2162 ἀπέπεμψεν.

215 2172 390 2266 ὀργισθείς
412 2179 448 2246 δὲ
469 2178 577 2265 τούτῳ
600 2177 800 2262 Κλεώνυμος
829 2178 933 2245 πάλιν
961 2178 1009 2257 εἷς
1034 2177 1094 2266 τὴν
1116 2175 1298 2266 ὑστεραίαν

217 2283 357 2348 Διοκλεῖ
377 2283 517 2348 καλέσαι
537 2279 615 2359 τούς
638 2276 799 2366 ἀρχοντας
814 2280 1016 2367 προσέταξε·
1038 2283 1094 2348 καὶ
1117 2274 1174 2362 ούχ
1190 2273 1298 2358 ούτως

218 2378 274 2466 [ως
290 2376 457 2468 ἀσθενῶν]
474 2383 582 2450 διακεί
569 2389 688 2467 ίμενος,
713 2376 825 2448 ἀλλ”’
808 2408 857 2450 ετι
872 2384 1007 2449 πολλῶν
1024 2376 1132 2449 ούσῶν
1148 2381 1296 2450 ἐλπίδων

169 2484 320 2564 ἑξαπ
321 2511 378 2574 νης
398 2489 458 2574 της
480 2485 594 2564 νυκτὸς
616 2485 738 2574 ταύτης
760 2479 926 2552 ἀπέθανε

164 2598 200 2654 15
303 2591 445 2676 Πρῶτον
472 2613 532 2672 μεν
561 2586 618 2654 ούν
646 2584 724 2670 ύμῖν
754 2587 943 2674 παρέξομαι
961 2586 1140 2709 μάρτυρας
1169 2584 1215 2666 ῶς
1238 2581 1298 2671 οὐχ

215 2686 295 2778 ημῖν
318 2689 463 2775 εγκαλων
485 2682 571 2755 ἀλλὰ
587 2694 707 2777 Δεινίᾳ
729 2691 887 2773 πολεμῶν
908 2688 1032 2766 ταύτας
1052 2688 1114 2766 τὰς
1129 2688 1297 2778 διαθήκας

218 2792 370 2871 διέθετο,
393 2787 560 2858 έπειτα“
535 2816 581 2869 ως
610 2789 734 2857 ἐκείνου
763 2791 1019 2879 τελευτησαντος
1042 2790 1236 2876 ἒπεμελεῖτά
1259 2818 1297 2860 τε

215 2897 283 2959 τῶν
314 2888 492 2979 ἡμετέρων·
513 2889 688 2974 ἁπάντων,
718 2896 775 2960 καὶ
804 2887 924 2971 αύτούς
954 2892 1129 2960 ἐπαίδευεν
1159 2893 1208 2971 εἰς
1234 2895 1296 2982 τὴν

218 2994 326 3062 οἰκίαν
348 2993 408 3083 τὴν
431 2990 532 3061 αὑτοῦ
547 2993 778 3079 κομισάμενος,
801 2994 889 3083 πρὸς
904 2995 940 3062 δὲ
954 2995 1085 3074 τούτοις
1108 2992 1154 3073 ῶς
1167 3003 1296 3065 Ποσεί-

218 3098 348 3164 διππον
377 3095 531 3181 έπεμψεν
559 3095 615 3163 ἐπὶ
645 3095 704 3163 τὸν
728 3090 929 3181 ἀστυνόμον,
954 3091 1050 3176 οὗτος
1072 3091 1105 3163 δ’
1132 3091 1170 3165 ού
1192 3097 1297 3183 μόνον

218 3193 319 3276 αὐτὸς
347 3192 404 3265 υύκ
433 3196 601 3280 ἐκάλεσεν,
636 3193 722 3264 ἀλλὰ
751 3200 808 3265 καὶ
836 3197 982 3267 έλθόντα
1011 3199 1069 3267 ἐπὶ
1097 3198 1157 3287 τὴν
1184 3201 1297 3287 θύραν

302 3434 346 3489 Η.
366 3438 381 3487 3
399 3429 498 3501 ύμᾶεΑ
512 3450 558 3502 pr„
578 3450 641 3489 corr.
662 3439 673 3488 1
693 3464 728 3474 -
745 3438 762 3487 4
779 3430 906 3504 πονήρως
922 3429 1021 3501 ἡμῖνΟ
1039 3464 1073 3472 -
1091 3427 1122 3486 οὗ
1140 3435 1213 3488 Dbr.:
1232 3431 1297 3488 οὔδε

215 3547 250 3560 ·-
268 3524 282 3571 ’ί
300 3514 428 3589 χρήστων
446 3519 507 3572 Bk:
528 3520 665 3589 χρηστῶν.
732 3517 775 3574 13.
796 3515 879 3583 1.τὴν
901 3514 984 3571 αὑτοῦ
1001 3518 1021 3579 Q
1040 3519 1099 3575 adn.
1116 3519 1173 3586 Bk,
1197 3521 1246 3573 hoc
1264 3520 1296 3573 ad

215 3619 241 3656 v.
260 3605 275 3655 5
294 3607 410 3670 spectare
427 3603 500 3657 Turr.
519 3604 646 3658 animadv.
664 3633 698 3642 -
716 3598 842 3656 διάνοιαν
859 3603 908 3657 Bk.
926 3632 956 3642 -
979 3607 994 3656 5
1013 3599 1064 3669 τὴν
1083 3597 1166 3657 αὑτοῦ
1182 3602 1234 3656 Mai
1252 3605 1295 3671 (εί.

216 3687 256 3750 ad.
269 3703 294 3740 v.
311 3689 343 3752 1),
362 3683 445 3740 αὐτοῦ
456 3683 544 3752 τὴνΑ
562 3717 595 3726 -
614 3692 629 3741 6
648 3687 712 3752 εἶχες
730 3703 779 3741 σεε.
793 3704 813 3740 ε.
825 3706 855 3752 χε
868 3688 898 3740 Α.
965 3687 1008 3742 14.
1027 3692 1043 3741 5
1060 3683 1230 3757 ἀνέπεμψενε
1246 3705 1295 3742 em.

217 3770 306 3840 steph.
324 3797 356 3810 —
376 3776 390 3825 6
409 3774 435 3825 έε
451 3772 474 3824 Α
491 3801 525 3812 -
543 3775 558 3826 8
576 3767 615 3824 ῶε
631 3769 765 3824 ἀσθενῶν
776 3771 827 3824 del.
839 3771 897 3837 Bk„
914 3765 962 3835 οὐχ
979 3765 1066 3824 οὕτως
1077 3768 1206 3826 ἀσθενῶς
1223 3768 1295 3828 διατι.

216 3857 248 3909 εἰ.
261 3854 376 3920 Jenicke,
393 3852 523 3910 ἀσθενῶς
534 3872 593 3908 eum
604 3855 666 3908 Rsk.
679 3885 710 3894 —
724 3859 740 3908 9
752 3851 909 3921 ἐτελεύτησε
921 3856 950 3917 Q.
1002 3857 1046 3913 15.
1059 3861 1071 3911 1
1087 3852 1166 3924 ύμῖνι
1179 3880 1195 3910 v
1207 3874 1295 3912 ecorr.

215 3941 262 3994 Al
282 3968 315 3979 -
333 3944 350 3993 4
368 3933 464 3995 αύτούς
480 3939 556 3991 Rsk.:
577 3933 657 3991 αι’τὸε
673 3969 707 3980 -
725 3943 740 3994 ὅ
758 3939 891 4001 εἀυτούΟ
909 3969 943 3979 -
962 3944 976 3994 7
995 3935 1081 3994 αὐτὸν
1099 3941 1128 3995 ft.
1147 3942 1168 4003 Q
1187 3972 1219 3982 —
1238 3937 1297 3993 ίκά-

216 4023 294 4078 λεσεν
312 4025 388 4077 Gob.:
406 4021 582 4076 εἰσεκάλισεν.
