2626 4476
141 249 181 312 80
626 249 734 304 ΙΣΑΙοΥ
1152 266 1219 309 σοι.

112 468 117 479 ·
139 419 308 507 θυγατρὸς
324 413 426 487 αὐτοῦ
447 416 493 498 ὥς
508 416 608 509 οόσης
630 417 791 499 ἐπιδίκου,
816 417 845 485 εἰ
868 419 904 485 δὲ
926 419 970 507 μή
987 420 1054 488 εἰσι
1075 419 1219 510 γνήσιοι,

140 525 197 589 νῦν
219 521 561 612 διαμεμαρτυρηκέναι
581 517 628 597 ὦς
650 519 716 587 εἰσὶ
737 519 885 608 γνήσιοι,·
911 524 1018 589 ταῦτα
1046 521 1112 610 γάρ
1137 515 1219 589 αιἰτὰ

140 621 272 700 ἑαυτοῖς
293 622 426 690 ἐναντία
448 623 547 691 ἐστίν.
592 615 674 689 ὥστ)
701 615 739 688 οὗ
760 621 864 706 μόνον
885 616 946 711 ὑφ’
971 619 1066 711 ἡμῶν
1092 621 1220 710 ἐλέγχε-

139 751 197 793 ται
226 723 268 792 τά
295 724 406 812 ψευδῆ
429 724 757 813 διαμεμαρτυρηκιός,
786 717 871 790 άλλόι
898 726 955 791 καὶ
983 722 1020 804 ἐξ
1046 719 1096 792 ὦν
1119 718 1220 802 οὗτός

89 845 128 900 59
141 826 292 911 πράττει.
335 829 392 893 καὶ
413 826 520 912 τούτῳ
541 827 601 909 μὲν
624 821 733 904 οὐδεὶς
755 825 974 913 διαμαρτυροῖ
996 824 1042 914 μή
1066 825 1219 911 ἐπίδικον

141 925 228 996 εἶναι
255 927 314 996 τόν
342 930 471 1016 κλῆρον,
498 921 574 995 αλλ’
607 922 783 1015 εὐθυδικίᾳ
812 927 1032 996 εἰσιέναι...
1056 921 1157 1005 οὗτος
1185 921 1215 992 δ’

141 1023 294 1108 ἅπαντας
323 1023 505 1116 άποστερεῖ
532 1032 591 1116 τής
619 1022 909 1116 ἀμφισβητήσεως.
958 1031 1015 1096 καλ
1037 1027 1218 1118 διαρρήδην

140 1131 352 1218 μαρτυρήσας
372 1136 527 1220 γνησίους
542 1128 619 1209 τοὺς
641 1131 768 1207 παῖδας
783 1127 879 1212 εἶναι,
903 1130 1011 1198 οέεται
1032 1128 1218 1219 ἐξαρκέσειν

140 1229 219 1317 ὑμῖν
240 1230 472 1317 παρεκβάσεις,
496 1230 553 1298 ἐὰν
576 1232 612 1299 δέ
633 1236 731 1299 τοῦτο
753 1233 814 1316 μὲν
842 1226 921 1320 μηδ’
948 1231 1120 1320 ἐγχειρήσῃ
1144 1231 1217 1300 ἐπι-

142 1333 307 1400 δεικνύναι
327 1324 348 1421 ἢ
369 1333 531 1400 καὶκατὰ
554 1334 673 1421 μικρόν
694 1360 727 1400 τι
750 1333 955 1422 ἐπιμνησδῇ,
983 1331 1065 1422 ήμῖν
1087 1334 1126 1400 δὲ
1149 1335 1217 1400 λσι-

143 1434 325 1523 δορήσήται
352 1435 477 1558 μεγάλῃ
506 1440 547 1523 τῇ
576 1440 672 1525 φωνῇ
700 1438 757 1502 καὶ
780 1431 904 1553 λέγη
878 1459 925 1513 αις
955 1435 1040 1502 εἰσὶν
1064 1435 1140 1502 οἵδε
1159 1436 1217 1520 μέν

141 1537 300 1605 πλούσιοι
324 1531 425 1616 αότδς
448 1538 483 1604 δέ
498 1543 610 1655 πένης,
635 1535 691 1605 διὰ
707 1536 767 1623 [δ]
790 1540 895 1602 ταῦτα
911 1536 1020 1615 δόξειν
1033 1535 1115 1615 τοὺς
1137 1550 1217 1604 παῖ-

91 1655 130 1710 ίίί)
143 1639 203 1715 δας
225 1635 311 1706 εῖναι
332 1646 496 1729 γνησίους.
533 1643 592 1726 τής
615 1639 651 1705 δέ
672 1638 798 1705 τούτων
821 1632 947 1718 οόσίας,
970 1664 996 1703 ω
982 1624 1201 1725 άνδρες,’
1173 1663 1216 1716 εις

141 1737 201 1825 τήν
223 1739 324 1807 πόλιν
347 1743 454 1808 πλείαι
477 1734 576 1808 άναλί
563 1747 690 1808 ίσκεται
712 1731 733 1828 ή
756 1739 804 1818 εἰς
827 1733 945 1817 αὐτοὺς
969 1738 1121 1817 τούτους.
1161 1742 1216 1808 καὶ

145 1840 381 1930 Φανόστρατος
402 1843 462 1926 μέν
483 1841 753 1931 τετριηράρχηκεν
769 1836 1000 1928 ἑπτάκιςήδη,
1023 1839 1084 1919 τὰς
1100 1842 1138 1910 δέ
1153 1843 1216 1909 λει-

141 1949 297 2031 τουργίας
326 1940 463 2021 ἁπάσας
492 1943 737 2032 λελειτούργηκε
764 1946 818 2010 καὶ
848 1941 910 2020 τὰς
936 1944 1100 2022 πλείστας
1129 1949 1216 2021 νίκας

144 2049 321 2133 νενίκηκεν·
345 2042 459 2112 οὑτοσὶ
483 2044 519 2111 δὲ
534 2049 785 2132 Χαιρέστρατος
806 2046 998 2133 τηλικοῦτος
1020 2034 1067 2111 τόν
1088 2069 1215 2134 τετριη-

143 2145 290 2234 ράρχηκε,
306 2145 498 2236 κεχορήγηκε
514 2146 550 2212 δέ
564 2146 758 2233 τραγῳδοῖς,
773 2145 1071 2234 γεγυμνασιάρχηιιε
1085 2145 1124 2212 δέ
1136 2147 1214 2230 λαμ·

141 2245 244 2312 πόδι’
273 2246 411 2325 καὶτὰς
434 2246 596 2336 εἰσφορὰς
623 2247 868 2336 εἰσενηνόχασιν
891 2241 1079 2335 άμῳότεροι
1105 2247 1214 2324 πάσας

142 2344 177 2413 ἐν
198 2360 270 2424 τοῖς
290 2355 505 2434 τριακοσίοις.
549 2353 604 2416 καί
627 2355 710 2427 τέως
732 2351 792 2435 μέν
814 2343 866 2416 δύ’
893 2345 1002 2431 όντες,
1025 2353 1083 2417 νῦν
1106 2349 1144 2417 δέ
1163 2350 1213 2415 καλ

142 2443 160 2514 ὁ
191 2447 350 2538 νεώτερος
379 2446 493 2517 οὑτοσὶ
518 2465 653 2540 χορηγεῖ
679 2453 740 2536 μέν
766 2451 968 2539 τραγῳδοῖς,
998 2449 1047 2527 εἷς
1077 2449 1114 2516 δὲ
1142 2447 1213 2524 τοὺς

91 2567 125 2623 οι
142 2557 352 2670 τριακοσίους
374 2549 594 2641 ἐγγέγραπται
607 2556 662 2620 καὶ
679 2554 829 2641 εἰσφέρει
842 2552 903 2629 τὰς
925 2550 1110 2671 εἰσφοράς.
1133 2543 1210 2617 ὥστ’

143 2644 180 2718 οὗ
204 2654 469 2740 φθονεῖσθαί
439 2678 524 2721 εισιν
540 2651 639 2735 άξιοι,
663 2647 748 2720 άλλά
770 2653 857 2721 πολὺ
872 2651 1047 2776 μᾶλλον
1014 2679 1051 2741 νη
1074 2678 1136 2721 τον
1148 2657 1212 2719 Δία

141 2753 255 2819 καὶ
220 2780 278 2820 τον
299 2748 516 2821 Ἀπόλλω
478 2780 585 2836 ουτοι,
615 2782 644 2822 ει
634 2754 878 2874 ’λήψονται
858 2785 879 2823 α
900 2754 942 2879 μή
972 2777 1138 2840 προσήκει
1158 2747 1212 2820 αὖ·

141 2867 222 2931 τοῖς.
266 2859 326 2922 τοῦ
347 2853 410 2977 γάρ
435 2856 682 2977 Φιλοκτήμονος
702 2849 860 2947 κλήρου’
839 2885 880 2925 αν
900 2858 960 2979 μὲν
983 2853 1213 2949 ἐπιδικάσηται

142 2947 249 3036 όδε,“
231 2969 309 3040 υμῖν
333 2950 434 3023 αὐτὸν
454 2957 636 3040 ταμιεύσει,
658 2959 701 3025 τὰ
721 2958 1011 3046 προσταττόμενα
1021 2958 1212 3047 λειτουργῶν

144 3048 258 3145 ιόσπερ
280 3059 336 3123 καί
359 3061 415 3124 νῦν
429 3058 527 3124 καὶ”
508 3083 557 3126 ετι
578 3062 722 3142 μᾶλλον·
747 3055 851 3128 ἐὰνδ)
872 3055 966 3145 οὗτοι
981 3057 1121 3143 λάβωσι,
1144 3059 1211 3127 δια-

143 3157 350 3245 φορήσαντος
372 3157 496 3278 ἑτέροις
518 3158 805 3246 ἐπιβουλεύσουσι.

94 3278 132 3334 62
227 3265 360 3345 Λέομαι
387 3285 445 3327 ουν
471 3257 573 3383 ὑμῶν,
604 3261 630 3328 ὠ
655 3259 826 3352 άνδρεςβ
817 3290 871 3330 ινα
900 3261 945 3350 μή
969 3259 984 3327 ἐ
987 3260 1210 3350 ξαπατηδῆτε,

142 3364 183 3447 τή
212 3361 496 3451 διαμαρτυρίᾳ
462 3387 520 3429 τον
549 3368 625 3431 νοῦν
647 3371 822 3453 προσέχειν
845 3366 925 3450 περὶ
952 3357 992 3450 ής
1016 3361 1078 3450 τήν
1100 3367 1211 3450 ψῆφοι

227 3567 273 3623 58.
291 3571 307 3621 4
326 3564 447 3621 ίπιδίιιου
465 3583 528 3620 corr.
549 3573 571 3632 1,
590 3561 737 3631 ίπι.λή.ου
754 3583 792 3634 pr.
809 3598 844 3608 -
862 3573 878 3623 6
895 3570 971 3620 έοτίν
991 3566 1052 3619 Bk:
1071 3567 1149 3619 εἰσιν.

141 3651 187 3706 59.
206 3654 221 3704 2
238 3645 311 3713 ἀξιοῖ
326 3653 392 3719 sppl.
411 3651 482 3718 Rsk,
502 3651 610 3713 έξιοτιν
626 3650 695 3714 Dhr„
715 3651 748 3715 ίᾷ
766 3651 834 3704 Htw,
851 3681 885 3692 -
903 3656 926 3705 6.
946 3656 960 3704 ῖ
981 3646 1167 3720 λοιδορήσεται
1182 3674 1210 3687 -

143 3733 247 3807 ’ίλίγιι
267 3766 300 3776 -
323 3741 338 3790 8
356 3733 387 3790 δὲ
409 3737 459 3791 del.
478 3737 509 3789 de
531 3751 598 3802 meo,
623 3731 656 3800 δὴ
678 3733 766 3802 Steph.
853 3735 897 3791 60.
923 3732 1148 3806 3φαν.’στρατοε
1170 3748 1209 3801 ρει

144 3836 207 3873 corr.
225 3823 241 3873 2
260 3851 292 3860 -
310 3816 603 3893 τετριηράρχην..;χιι.,
615 3823 705 3874 eorm
724 3848 758 3858 -
776 3823 793 3873 4
809 3824 886 3873 νίκαε
900 3819 951 3872 del.
964 3819 1068 3888 Sauppe
1086 3849 1119 3860 -
1137 3818 1209 3871 τοῖι-

143 3900 288 3971 ινήνοχανι
307 3923 355 3960 em.
374 3907 435 3960 Rsk.
505 3904 577 3959 61.5
596 3901 774 3975 λειτουργεῖν
791 3921 837 3972 pn,
856 3910 945 3958 eorm
965 3934 999 3944 -
1018 3907 1032 3954 ’ί
1053 3907 1154 3973 ,τέρσιε
1169 3916 1209 3969 χιι,

143 4006 207 4043 corr.
227 3995 250 4043 1.
