2626 4476
142 214 182 276 72
391 222 396 229 ’
623 217 731 272 ΙΣΑΙΟΥ
1150 236 1220 281 οτι.

89 395 125 453 21
142 393 397 454 κατοικισθεῑσα
425 381 456 454 δ’
484 386 645 456 ἐνταυθοῖ
671 389 806 455 πολλῶν
834 391 890 454 καὶ
917 393 1025 456 κακῶν
1052 376 1162 478 ήρξεν,
1193 375 1222 455 οἰ

142 485 268 576 ἄνδρες.
305 493 433 577 φοιτῶν
453 487 517 576 γάρ
539 485 556 555 3
573 482 751 576 Εὐκτήμων
767 486 825 557 ἰπὶ
843 489 881 556 τὸ
904 489 1046 559 ἐνοίκιον
1061 489 1222 558 ἑκάστοτε

141 588 183 656 τὰ
205 587 316 655 πολλὰ
339 590 501 677 διέτριβεν
524 589 558 657 ἰν
578 593 619 677 τῇ
634 596 794 679 συνοικία,
817 591 923 659 ἐνίοτε
945 592 1053 660 δὲκαὶ
1074 590 1223 660 ἐσιτεῖτο

142 690 226 774 μετὰ
248 694 306 778 τῆς
329 684 523 778 ανθρώπου,
546 689 742 759 καταλιπών
755 695 812 760 καί
830 692 890 781 τήν
911 707 1048 781 γυναῖκα
1062 694 1122 760 καὶ
1142 691 1225 770 τούς

143 792 270 871 παῖδας
296 796 353 860 καί
379 791 439 882 τήν
467 793 575 860 οἰκίαν
602 791 643 883 ήν
672 789 760 880 ᾤκει.
807 797 963 877 χαλεπῶς
992 795 1029 861 δὲ
1051 793 1224 883 φερούσης

142 897 201 983 τής
228 893 382 981 γυναικὸς
408 896 464 961 καὶ
493 897 560 960 τῶν
588 896 687 961 υἱέων
714 889 771 978 ούχ
800 889 895 974 ὅπως
917 895 1100 977 ἐπαύσατο,
1133 889 1220 963 ἀλλὰ

142 997 302 1063 τελευτῶν
330 997 504 1072 παντελῶς
526 994 662 1083 διῃτᾶτο
686 995 767 1078 ἰκεῖ,
795 1001 852 1064 καὶ
875 990 962 1064 οὕτω
984 996 1123 1087 διετέθη
1148 990 1221 1064 εἴθ’

142 1093 209 1164 ύπδ
240 1095 425 1185 φαρμάκων
453 1089 525 1162 εἴθ’
551 1092 618 1164 ὑπὸ
649 1098 749 1165 νόσον
784 1092 855 1166 εἴθ’
887 1092 949 1165 ὑπ’
981 1093 1084 1165 άλλου
1116 1099 1222 1180 τινός,

143 1191 229 1264 ὥστε
257 1195 404 1285 ἐπείσθη
432 1191 490 1263 ὑπ’
516 1192 617 1287 αύτής
645 1197 705 1266 τδν
730 1199 955 1288 πρεσβύτερον
977 1213 1050 1268 τοῖν
1078 1200 1222 1268 παίδοιν

92 1309 130 1365 22
143 1299 329 1386 εἰσαγαγεῖν
345 1298 394 1377 εἰς
409 1298 486 1378 τούς
501 1299 669 1388 φράτερας
684 1300 742 1368 ἰπὶ
757 1305 806 1388 τῶ
821 1297 922 1370 αὑτοῦ
936 1295 1088 1386 ὀνόματι.
1127 1299 1224 1369 ἕπει·

144 1399 182 1488 δή
208 1400 244 1466 δὲ
266 1394 345 1468 οὗθ’
372 1397 389 1467 ὁ
414 1401 486 1480 υίὸς
516 1395 606 1487 αύτῷ
631 1403 850 1489 Φιλοκτήμων
873 1403 1050 1490 συνεχώρει
1079 1396 1160 1471 οὔθ’
1187 1403 1220 1471 οί

143 1503 306 1591 φράτερες
329 1503 545 1582 εἰσεδέξαντο,
577 1497 649 1569 ἆλλ)
676 1498 852 1594 ἀπηνέχθη
873 1503 911 1572 τὸ
938 1504 1098 1591 κούρειον,
1128 1498 1221 1592 ὀργι-

144 1603 278 1689 ζόμενος
307 1601 324 1672 ὁ
350 1599 529 1693 Εὐκτήμων
557 1609 605 1691 τῴ
633 1606 699 1672 υἱεῖ
719 1610 776 1674 καί
799 1605 994 1694 ἐπηρεάζειν
1017 1604 1224 1690 βουλόμενος

144 1704 298 1793 ἐγγυᾶται
325 1720 463 1793 γυναῖκα
490 1706 730 1795 Δημοκράτους
754 1712 815 1774 τού
836 1702 1034 1796 Ἀφιδναίου
1061 1701 1220 1797 ἀδελφήν,

92 1846 94 1851 ·
144 1803 190 1885 ὦς
212 1806 246 1874 ἐκ
267 1807 389 1896 ταύτης
410 1808 538 1886 παῖδας
566 1801 753 1895 ἀποφανῶν
775 1812 832 1876 καί
858 1808 1064 1896 εἰσποιήσων
1092 1808 1144 1887 είς
1164 1807 1222 1876 τὸν

92 1917 130 1975 22
145 1904 245 1990 οἰκον,
269 1907 298 1975 εί
320 1908 365 1998 μή
390 1914 572 1996 σογχωροίη
593 1912 711 1976 τοῦτον
733 1908 814 1999 [ἐᾶν]
837 1912 1047 1998 εἰσαχθῆναι.
1096 1910 1224 1989 εἰδότες

146 2003 177 2076 δ’
203 2012 235 2078 οἱ
266 2004 447 2132 ύναγκαῖοι
469 2003 523 2076 ὅτι
552 2008 588 2088 ἰξ
615 2009 739 2078 ἐκείνου
767 2014 828 2095 μὲν
851 2007 908 2079 ούκ
938 2002 978 2080 άν
1000 2010 1050 2078 ἰτι
1072 2016 1225 2098 γένοιντο

144 2110 265 2189 παῖδες
285 2112 408 2198 ταύτην
436 2109 495 2236 τήν
517 2106 688 2196 ήλικίαν’Ι
670 2138 819 2195 εχοντος,
842 2115 1047 2203 φανήσοιντο
1072 2107 1104 2178 δ’
1131 2109 1223 2200 άλλφ

143 2216 211 2281 τινὶ
232 2213 359 2332 τρόπφ,
382 2211 475 2279 καὶ’
461 2238 496 2279 εκ
516 2212 643 2280 τούτων
665 2212 792 2282 έσοιντο
815 2214 864 2282 ἐ’τι
889 2215 1022 2299 μείζους
1048 2214 1220 2304 διαφοραί,

145 2314 299 2394 ἐ’πειθον,
315 2340 341 2378 ω
327 2301 534 2401 άνδρες,
498 2339 557 2381 τον
575 2315 808 2403 Φιλοκτήμονα
824 2315 923 2384 έᾶσαι
943 2317 1132 2403 εἰσαγαγεῖν
1145 2319 1225 2384 τοῦ·

144 2441 202 2484 τον
236 2414 294 2482 τὸν
327 2414 479 2483 παῖδα
465 2408 521 2504 ecp'
554 2415 605 2494 οἷς
636 2412 787 2506 ἰζήτει“
770 2444 787 2485 ο
819 2413 1008 2507 Εύκτήμων,
1036 2423 1161 2505 χωρίον
1188 2418 1223 2484 ἓν

93 2527 131 2584 24
147 2516 257 2584 δύντα.
309 2513 405 2584 καὶὸ
432 2517 652 2606 Φιλοκτήμων
675 2518 909 2604 αἰσχυνόμενος
938 2521 998 2605 μὲν
1020 2519 1079 2586 ἐπὶ
1101 2523 1143 2606 τῇ
1164 2521 1224 2585 τού

143 2617 274 2705 πατρὸς
296 2612 404 2708 άνοίᾳ,
428 2613 567 2706 άπορῶν
583 2613 614 2684 δ’
633 2612 700 2687 ὅτι
719 2620 881 2708 χρήσαιτο
900 2626 948 2708 τῶ
963 2621 1109 2709 παρόντι
1122 2624 1221 2706 κακῶ,

145 2713 203 2787 οὒκ
226 2714 395 2807 ἀντέλεγεν
414 2714 519 2786 ούδέν.
555 2715 833 2843 ὁμολογηθέντων
856 2723 892 2790 δὲ
914 2722 1050 2804 τούτων,
1072 2724 1131 2790 καὶ
1153 2721 1224 2789 εἰσ·

145 2826 305 2904 αχθέντος
319 2847 378 2888 τον
365 2819 519 2897 παιδὸς
541 2819 600 2888 ἰπὶ
620 2822 765 2906 τούτοις,
790 2817 965 2913 άπηλλάγη
987 2827 1047 2912 τής
1068 2821 1223 2910 γυναικὸς

145 2918 162 2989 ὁ
187 2915 375 3008 Εὐκτήμων,
396 2925 453 2989 καί
475 2920 589 2989 ἰπεδεί
576 2918 712 3001 ίξατο“
690 2951 747 2993 οτι
769 2919 807 2992 ού
829 2932 896 2992 παί
880 2925 1005 2992 ίδων”
986 2950 1081 2992 ενεκα
1096 2925 1220 3044 ίγάμει,

93 3039 130 3097 25
147 3017 264 3091 33³⁰
249 3051 303 3090 ινα
325 3026 442 3090 τοῦτον
464 3023 646 3112 εἰσαγάγοι.
689 3034 725 3093 τί
745 3025 808 3114 γὰρ
831 3021 960 3095 ἔδει
923 3025 1022 3094 αυτὸν
1043 3041 1222 3112 γαμείν,ω

144 3119 410 3213 Λνδρόκλεις,’
385 3125 418 3191 εί
429 3150 495 3212 περ
518 3126 620 3193 σι”δε
602 3149 687 3215 ησαν
703 3122 790 3207 ἰξ’
754 3133 855 3195 αυτοῦ
868 3131 925 3195 καὶ
938 3127 1093 3215 γυναικὸς
1108 3122 1221 3215 ἇσυής,

145 3253 192 3348 φς
214 3225 253 3293 σύ
276 3227 590 3316 μεμαρτύρηκας,·τ
570 3235 622 3306 τίς
643 3228 705 3316 γὰρ
729 3219 769 3296 άν
791 3225 986 3318 γνησίονς”
966 3232 1066 3309 οντας
1092 3229 1165 3308 οίάς
1186 3252 1223 3295 τε

144 3327 185 3417 ήν
206 3329 405 3396 κωλύσαι’
376 3344 580 3416 εισαγαγεῖν,·
607 3356 627 3417 η
613 3320 708 3397 διὰ
730 3338 765 3397 τί
752 3330 845 3398 ίίπί
867 3332 980 3420 ῥητοῖς
1007 3325 1108 3399 αύτὸν
1131 3328 1222 3418 εἰσή-

144 3436 243 3518 γαγε,
245 3435 326 3498 τοῦ
350 3430 453 3514 νόμον
482 3424 715 3510 κελεύοντος”
694 3456 846 3510 απαντας
867 3430 945 3510 τοὺς
971 3439 1127 3521 γνησίους
1150 3433 1219 3500 ἰσο-

94 3546 131 3602 26
145 3540 284 3617 μοίροος
307 3530 393 3600 εἶναι
421 3535 487 3598 τῶν
510 3531 697 3618 πατρηίων,·
723 3522 744 3621 ή
773 3531 830 3599 διὰ
851 3540 886 3601 τί
913 3531 971 3601 τὸν
992 3531 1222 3622 μὲνπρεσβύ-

223 3783 275 3839 22.
295 3788 310 3838 2
327 3781 343 3837 3
361 3783 418 3838 νίὸτ
435 3785 495 3838 Bk:
514 3769 592 3838 οὗτος
610 3815 643 3825 -
661 3789 676 3839 3
694 3783 817 3856 αούριονι
835 3803 884 3839 em.
896 3786 959 3840 Rsk.
977 3816 1010 3827 -
1029 3792 1045 3841 5
1062 3782 1221 3856 ἀφνιδαίονε

146 3885 196 3922 em.
214 3869 303 3938 Steph.
321 3900 356 3910 -
374 3875 387 3922 7
407 3871 456 3923 ἐᾶν
473 3871 523 3926 del.
542 3871 603 3924 Rsk.
687 3869 732 3927 23.
751 3874 766 3924 2
782 3875 826 3924 ἔτι
844 3872 869 3923 in
888 3886 938 3938 mg.
956 3871 1014 3926 add.
1033 3875 1057 3936 1,
1074 3868 1175 3939 'signum
1194 3869 1220 3936 ή.

145 3960 205 4023 post
222 3949 258 4008 ἂν
275 3970 295 4009 ε.
314 3959 371 4009 v.1
442 3953 487 4009 24.
506 3960 522 4009 5
540 3949 584 4009 δτι
601 3972 622 4012 ε.
640 3972 664 4007 v.
687 3960 707 4009 1.
777 3954 822 4012 23.
841 3961 855 4008 2
875 3952 958 4007 αὐτοῦ
974 3954 1036 4008 Bk.:
1055 3950 1147 4008 ἀστοῦ.
