<?xml version="1.0" encoding="UTF-8"?>
<!DOCTYPE html PUBLIC "-//W3C//DTD XHTML 1.0 Transitional//EN"
    "http://www.w3.org/TR/xhtml1/DTD/xhtml1-transitional.dtd">
<html xmlns="http://www.w3.org/1999/xhtml" xml:lang="en" lang="en">
 <head>
  <title>
</title>
<meta http-equiv="Content-Type" content="text/html;charset=utf-8" />
  <meta name='ocr-system' content='tesseract 3.04.00' />
  <meta name='ocr-capabilities' content='ocr_page ocr_carea ocr_par ocr_line ocrx_word'/>
</head>
<body>
  <div class='ocr_page' id='page_1' title='image "./isaeiorationesc00buergoog_0036.png"; bbox 0 0 2626 4476; ppageno 0'>
   <div class='ocr_carea' id='block_1_1' title="bbox 89 229 1165 296">
    <p class='ocr_par' dir='ltr' id='par_1_1' title="bbox 89 229 1165 296">
     <span class='ocr_line' id='line_1_1' title="bbox 89 229 1165 296; baseline -0.008 -7"><span class='ocrx_word' id='word_1_1' title='bbox 89 252 127 296; x_wconf 53' lang='grc' dir='ltr'><strong><em>ογ.</em></strong></span> <span class='ocrx_word' id='word_1_2' title='bbox 141 252 160 294; x_wconf 80' lang='grc' dir='ltr'><strong><em>τ.</em></strong></span> <span class='ocrx_word' id='word_1_3' title='bbox 348 233 424 286; x_wconf 84' lang='grc' dir='ltr'><strong>ΠΕΡΙ</strong></span> <span class='ocrx_word' id='word_1_4' title='bbox 442 231 506 285; x_wconf 85' lang='grc' dir='ltr'><strong><em>ΤΟΥ</em></strong></span> <span class='ocrx_word' id='word_1_5' title='bbox 524 230 746 285; x_wconf 81' lang='grc' dir='ltr'><strong>ΜΕΝΕΚΛΕΟΥΣ</strong></span> <span class='ocrx_word' id='word_1_6' title='bbox 765 229 903 284; x_wconf 83' lang='grc' dir='ltr'><strong>ΚΛΗΡΟΥ.</strong></span> <span class='ocrx_word' id='word_1_7' title='bbox 1126 229 1165 289; x_wconf 75' lang='grc'><strong><em>15</em></strong></span> 
     </span>
    </p>
   </div>
   <div class='ocr_carea' id='block_1_2' title="bbox 154 535 1104 754">
    <p class='ocr_par' dir='ltr' id='par_1_2' title="bbox 154 535 1104 754">
     <span class='ocr_line' id='line_1_2' title="bbox 607 535 647 602; baseline -0.05 0"><span class='ocrx_word' id='word_1_8' title='bbox 607 535 647 602; x_wconf 90' lang='grc' dir='ltr'><strong><em>Π.</em></strong></span> 
     </span>
     <span class='ocr_line' id='line_1_3' title="bbox 154 669 1104 754; baseline -0.003 -2"><span class='ocrx_word' id='word_1_9' title='bbox 154 672 290 754; x_wconf 90' lang='grc' dir='ltr'>ΠΕΡΙ</span> <span class='ocrx_word' id='word_1_10' title='bbox 312 672 422 753; x_wconf 80' lang='grc' dir='ltr'><strong><em>ΤΟΥ</em></strong></span> <span class='ocrx_word' id='word_1_11' title='bbox 444 669 834 752; x_wconf 82' lang='grc' dir='ltr'><strong>ΜΕΝΕΚΛΕΟῩΣ</strong></span> <span class='ocrx_word' id='word_1_12' title='bbox 855 669 1104 753; x_wconf 85' lang='grc' dir='ltr'><strong>ΚΛΗΡΟΥ.</strong></span> 
     </span>
    </p>
   </div>
   <div class='ocr_carea' id='block_1_3' title="bbox 553 851 699 871">
    <p class='ocr_par' dir='ltr' id='par_1_3' title="bbox 553 851 699 871">
     <span class='ocr_line' id='line_1_4' title="bbox 553 851 699 871; baseline 0 -9"><span class='ocrx_word' id='word_1_13' title='bbox 553 851 699 871; x_wconf 58' lang='grc' dir='ltr'>...ῑ-ο</span> 
     </span>
    </p>
   </div>
   <div class='ocr_carea' id='block_1_4' title="bbox 516 969 747 1032">
    <p class='ocr_par' dir='ltr' id='par_1_4' title="bbox 516 969 747 1032">
     <span class='ocr_line' id='line_1_5' title="bbox 516 969 747 1032; baseline -0.009 -1"><span class='ocrx_word' id='word_1_14' title='bbox 516 969 747 1032; x_wconf 82' lang='grc' dir='ltr'><strong>ΥΠΟΘΕΣῘΣ.</strong></span> 
     </span>
    </p>
   </div>
   <div class='ocr_carea' id='block_1_5' title="bbox 71 1069 1200 1826">
    <p class='ocr_par' dir='ltr' id='par_1_5' title="bbox 123 1069 1200 1572">
     <span class='ocr_line' id='line_1_6' title="bbox 179 1069 1167 1148; baseline -0.004 -18"><span class='ocrx_word' id='word_1_15' title='bbox 179 1076 345 1130; x_wconf 67' lang='grc' dir='ltr'><strong><em>Μενεκλέους</em></strong></span> <span class='ocrx_word' id='word_1_16' title='bbox 362 1081 547 1145; x_wconf 75' lang='grc' dir='ltr'>ποιησαμένου</span> <span class='ocrx_word' id='word_1_17' title='bbox 559 1074 619 1131; x_wconf 83' lang='grc' dir='ltr'><strong><em>υἱὸν</em></strong></span> <span class='ocrx_word' id='word_1_18' title='bbox 631 1081 676 1129; x_wconf 82' lang='grc' dir='ltr'><strong><em>καί</em></strong></span> <span class='ocrx_word' id='word_1_19' title='bbox 688 1075 891 1143; x_wconf 80' lang='grc' dir='ltr'><strong><em>ἐπιβιῶσαντοε</em></strong></span> <span class='ocrx_word' id='word_1_20' title='bbox 907 1075 940 1148; x_wconf 75' lang='grc' dir='ltr'><strong><em>τῇ</em></strong></span> <span class='ocrx_word' id='word_1_21' title='bbox 959 1069 1067 1143; x_wconf 81' lang='grc' dir='ltr'><strong><em>ποιήσει</em></strong></span> <span class='ocrx_word' id='word_1_22' title='bbox 1085 1073 1167 1126; x_wconf 84' lang='grc' dir='ltr'><strong><em>εἴκοσι</em></strong></span> 
     </span>
     <span class='ocr_line' id='line_1_7' title="bbox 123 1157 1169 1234; baseline -0.004 -19"><span class='ocrx_word' id='word_1_23' title='bbox 123 1168 188 1234; x_wconf 89' lang='grc' dir='ltr'><strong><em>τρία</em></strong></span> <span class='ocrx_word' id='word_1_24' title='bbox 211 1163 274 1228; x_wconf 72' lang='grc' dir='ltr'><strong><em>ἔτη,</em></strong></span> <span class='ocrx_word' id='word_1_25' title='bbox 298 1157 427 1232; x_wconf 83' lang='grc' dir='ltr'><strong><em>άδελφῶν</em></strong></span> <span class='ocrx_word' id='word_1_26' title='bbox 449 1157 721 1232; x_wconf 77' lang='grc' dir='ltr'><strong><em>ἀμφισβητησάντων</em></strong></span> <span class='ocrx_word' id='word_1_27' title='bbox 745 1161 794 1213; x_wconf 77' lang='grc' dir='ltr'><strong><em>τοῦ</em></strong></span> <span class='ocrx_word' id='word_1_28' title='bbox 816 1157 915 1231; x_wconf 84' lang='grc' dir='ltr'><strong><em>κλήρου</em></strong></span> <span class='ocrx_word' id='word_1_29' title='bbox 939 1157 1109 1231; x_wconf 78' lang='grc' dir='ltr'><strong><em>ἐμαρτύρησέ</em></strong></span> <span class='ocrx_word' id='word_1_30' title='bbox 1129 1175 1169 1212; x_wconf 71' lang='grc' dir='ltr'><strong><em>τις</em></strong></span> 
     </span>
     <span class='ocr_line' id='line_1_8' title="bbox 125 1242 1168 1316; baseline -0.002 -19"><span class='ocrx_word' id='word_1_31' title='bbox 125 1243 281 1313; x_wconf 85' lang='grc' dir='ltr'><strong><em>Φιλωνίδηε</em></strong></span> <span class='ocrx_word' id='word_1_32' title='bbox 297 1244 335 1314; x_wconf 85' lang='grc' dir='ltr'><strong><em>μὴ</em></strong></span> <span class='ocrx_word' id='word_1_33' title='bbox 352 1245 422 1299; x_wconf 80' lang='grc' dir='ltr'><strong><em>εἶναι</em></strong></span> <span class='ocrx_word' id='word_1_34' title='bbox 440 1246 491 1301; x_wconf 89' lang='grc' dir='ltr'><strong><em>τδν</em></strong></span> <span class='ocrx_word' id='word_1_35' title='bbox 509 1245 609 1316; x_wconf 80' lang='grc' dir='ltr'><strong><em>κλῆρον</em></strong></span> <span class='ocrx_word' id='word_1_36' title='bbox 627 1242 759 1308; x_wconf 79' lang='grc' dir='ltr'><strong><em>ἐπίδικον,</em></strong></span> <span class='ocrx_word' id='word_1_37' title='bbox 777 1243 993 1315; x_wconf 66' lang='grc' dir='ltr'><strong><em>καταλείψαντας</em></strong></span> <span class='ocrx_word' id='word_1_38' title='bbox 1010 1242 1070 1298; x_wconf 84' lang='grc' dir='ltr'><strong><em>υἱὸν</em></strong></span> <span class='ocrx_word' id='word_1_39' title='bbox 1082 1249 1168 1298; x_wconf 85' lang='grc' dir='ltr'><strong><em>Μενε-</em></strong></span> 
     </span>
     <span class='ocr_line' id='line_1_9' title="bbox 124 1327 1167 1402; baseline -0.003 -18"><span class='ocrx_word' id='word_1_40' title='bbox 124 1329 222 1384; x_wconf 72' lang='grc' dir='ltr'><strong><em>κλέους.</em></strong></span> <span class='ocrx_word' id='word_1_41' title='bbox 248 1328 340 1397; x_wconf 77' lang='grc' dir='ltr'><strong><em>τούτῳ</em></strong></span> <span class='ocrx_word' id='word_1_42' title='bbox 360 1332 521 1402; x_wconf 76' lang='grc' dir='ltr'><strong><em>ἐπέσκηψαν</em></strong></span> <span class='ocrx_word' id='word_1_43' title='bbox 538 1327 774 1402; x_wconf 68' lang='grc' dir='ltr'><strong><em>ψευδομαρτυρίαν</em></strong></span> <span class='ocrx_word' id='word_1_44' title='bbox 785 1349 811 1383; x_wconf 93' lang='grc' dir='ltr'><strong><em>οι</em></strong></span> <span class='ocrx_word' id='word_1_45' title='bbox 805 1327 943 1400; x_wconf 81' lang='grc' dir='ltr'><strong><em>αδελφοί</em></strong></span> <span class='ocrx_word' id='word_1_46' title='bbox 960 1334 1007 1382; x_wconf 81' lang='grc' dir='ltr'><strong><em>καὶ</em></strong></span> <span class='ocrx_word' id='word_1_47' title='bbox 1024 1328 1092 1400; x_wconf 74' lang='grc' dir='ltr'><strong><em>πρὸς</em></strong></span> <span class='ocrx_word' id='word_1_48' title='bbox 1108 1347 1167 1380; x_wconf 87' lang='grc' dir='ltr'><strong><em>του·</em></strong></span> 
     </span>
     <span class='ocr_line' id='line_1_10' title="bbox 124 1407 1200 1516; baseline -0.003 -47"><span class='ocrx_word' id='word_1_49' title='bbox 124 1433 187 1469; x_wconf 79' lang='grc' dir='ltr'><strong><em>τουε</em></strong></span> <span class='ocrx_word' id='word_1_50' title='bbox 204 1413 219 1469; x_wconf 87' lang='grc' dir='ltr'>ὁ</span> <span class='ocrx_word' id='word_1_51' title='bbox 237 1419 303 1470; x_wconf 79' lang='grc' dir='ltr'><strong><em>παῖε</em></strong></span> <span class='ocrx_word' id='word_1_52' title='bbox 319 1411 387 1487; x_wconf 74' lang='grc' dir='ltr'><strong><em>νπὲρ</em></strong></span> <span class='ocrx_word' id='word_1_53' title='bbox 406 1412 489 1468; x_wconf 74' lang='grc' dir='ltr'><strong><em>αὐτοῦ</em></strong></span> <span class='ocrx_word' id='word_1_54' title='bbox 507 1435 560 1482; x_wconf 91' lang='grc' dir='ltr'><strong><em>την</em></strong></span> <span class='ocrx_word' id='word_1_55' title='bbox 578 1414 729 1487; x_wconf 79' lang='grc' dir='ltr'><strong><em>ἀπολογίαν</em></strong></span> <span class='ocrx_word' id='word_1_56' title='bbox 747 1416 904 1489; x_wconf 80' lang='grc' dir='ltr'><strong><em>εἰσέρχεται.</em></strong></span> <span class='ocrx_word' id='word_1_57' title='bbox 927 1412 1004 1467; x_wconf 79' lang='grc' dir='ltr'><strong><em>Ἐστι</em></strong></span> <span class='ocrx_word' id='word_1_58' title='bbox 1021 1407 1078 1466; x_wconf 65' lang='grc' dir='ltr'><strong><em>δέ“</em></strong></span> <span class='ocrx_word' id='word_1_59' title='bbox 1064 1432 1079 1465; x_wconf 97' lang='grc' dir='ltr'><strong><em>ο</em></strong></span> <span class='ocrx_word' id='word_1_60' title='bbox 1091 1409 1167 1516; x_wconf 79' lang='grc' dir='ltr'><strong><em>λάγρε</em></strong></span> <span class='ocrx_word' id='word_1_61' title='bbox 1185 1418 1200 1466; x_wconf 80' lang='lat'>5</span> 
     </span>
     <span class='ocr_line' id='line_1_11' title="bbox 125 1496 1167 1598; baseline -0.006 -44"><span class='ocrx_word' id='word_1_62' title='bbox 125 1517 202 1554; x_wconf 80' lang='grc' dir='ltr'><strong><em>ουτοι</em></strong></span> <span class='ocrx_word' id='word_1_63' title='bbox 220 1502 344 1553; x_wconf 72' lang='grc' dir='ltr'><strong><em>ἐναντίου</em></strong></span> <span class='ocrx_word' id='word_1_64' title='bbox 359 1500 400 1568; x_wconf 73' lang='grc' dir='ltr'><strong><em>τῷ</em></strong></span> <span class='ocrx_word' id='word_1_65' title='bbox 408 1504 481 1597; x_wconf 85' lang='grc' dir='ltr'><strong><em>περὶ</em></strong></span> <span class='ocrx_word' id='word_1_66' title='bbox 499 1501 547 1552; x_wconf 81' lang='grc' dir='ltr'><strong><em>τοῦ</em></strong></span> <span class='ocrx_word' id='word_1_67' title='bbox 567 1497 733 1569; x_wconf 80' lang='grc' dir='ltr'><strong><em>Κλεωνύμου</em></strong></span> <span class='ocrx_word' id='word_1_68' title='bbox 751 1497 861 1572; x_wconf 80' lang='grc' dir='ltr'><strong><em>κλήρου·</em></strong></span> <span class='ocrx_word' id='word_1_69' title='bbox 887 1501 941 1551; x_wconf 79' lang='grc' dir='ltr'><strong><em>ἐκεῖ</em></strong></span> <span class='ocrx_word' id='word_1_70' title='bbox 963 1501 1014 1566; x_wconf 78' lang='grc' dir='ltr'><strong><em>μὲν</em></strong></span> <span class='ocrx_word' id='word_1_71' title='bbox 1031 1497 1082 1570; x_wconf 76' lang='grc' dir='ltr'><strong><em>γὰρ</em></strong></span> <span class='ocrx_word' id='word_1_72' title='bbox 1099 1496 1167 1598; x_wconf 76' lang='grc' dir='ltr'><strong><em>ὑπὲρ</em></strong></span> 
     </span>
    </p>

    <p class='ocr_par' dir='ltr' id='par_1_6' title="bbox 71 1569 1168 1826">
     <span class='ocr_line' id='line_1_12' title="bbox 71 1569 1167 1657; baseline -0.005 -20"><span class='ocrx_word' id='word_1_73' title='bbox 71 1609 80 1619; x_wconf 52' lang='lat'><em>*</em></span> <span class='ocrx_word' id='word_1_74' title='bbox 125 1589 281 1657; x_wconf 74' lang='grc' dir='ltr'><strong><em>συγγενείας</em></strong></span> <span class='ocrx_word' id='word_1_75' title='bbox 297 1583 381 1647; x_wconf 81' lang='grc' dir='ltr'><strong><em>ελ,πεν</em></strong></span> <span class='ocrx_word' id='word_1_76' title='bbox 401 1569 455 1637; x_wconf 90' lang='grc' dir='ltr'><strong><em>ωδε</em></strong></span> <span class='ocrx_word' id='word_1_77' title='bbox 473 1580 534 1635; x_wconf 72' lang='grc' dir='ltr'><strong><em>δὲ’</em></strong></span> <span class='ocrx_word' id='word_1_78' title='bbox 519 1588 589 1655; x_wconf 76' lang='grc' dir='ltr'><strong><em>νπὲρ</em></strong></span> <span class='ocrx_word' id='word_1_79' title='bbox 607 1581 747 1652; x_wconf 73' lang='grc' dir='ltr'><strong><em>διαθήκης.</em></strong></span> <span class='ocrx_word' id='word_1_80' title='bbox 777 1580 812 1636; x_wconf 87' lang='lat' dir='ltr'><strong><em>‘H</em></strong></span> <span class='ocrx_word' id='word_1_81' title='bbox 826 1581 920 1637; x_wconf 80' lang='grc' dir='ltr'><strong><em>στάσιε</em></strong></span> <span class='ocrx_word' id='word_1_82' title='bbox 936 1578 988 1635; x_wconf 84' lang='grc' dir='ltr'><strong><em>άντ</em></strong></span> <span class='ocrx_word' id='word_1_83' title='bbox 990 1579 1081 1652; x_wconf 77' lang='grc' dir='ltr'><strong><em>ίληψιε</em></strong></span> <span class='ocrx_word' id='word_1_84' title='bbox 1097 1579 1167 1633; x_wconf 80' lang='grc' dir='ltr'><strong><em>κατὰ</em></strong></span> 
     </span>
     <span class='ocr_line' id='line_1_13' title="bbox 126 1663 1168 1740; baseline -0.003 -19"><span class='ocrx_word' id='word_1_85' title='bbox 126 1667 298 1737; x_wconf 80' lang='grc' dir='ltr'><strong><em>στοχασμόν·</em></strong></span> <span class='ocrx_word' id='word_1_86' title='bbox 321 1665 390 1740; x_wconf 73' lang='grc' dir='ltr'><strong><em>λέγει</em></strong></span> <span class='ocrx_word' id='word_1_87' title='bbox 412 1666 463 1740; x_wconf 80' lang='grc' dir='ltr'><strong><em>γάρ</em></strong></span> <span class='ocrx_word' id='word_1_88' title='bbox 485 1663 530 1722; x_wconf 79' lang='grc' dir='ltr'><strong><em>ὅτι</em></strong></span> <span class='ocrx_word' id='word_1_89' title='bbox 553 1666 666 1737; x_wconf 75' lang='grc' dir='ltr'><strong><em>ἐξην’</em></strong></span> <span class='ocrx_word' id='word_1_90' title='bbox 634 1671 710 1737; x_wconf 79' lang='grc' dir='ltr'><strong><em>αυτῷ</em></strong></span> <span class='ocrx_word' id='word_1_91' title='bbox 735 1674 825 1723; x_wconf 83' lang='grc' dir='ltr'><strong><em>ποιεῖν</em></strong></span> <span class='ocrx_word' id='word_1_92' title='bbox 843 1669 931 1735; x_wconf 78' lang='grc' dir='ltr'><strong><em>ἑαυτῷ</em></strong></span> <span class='ocrx_word' id='word_1_93' title='bbox 950 1666 1018 1721; x_wconf 83' lang='grc' dir='ltr'><strong><em>υἱόν</em></strong></span> <span class='ocrx_word' id='word_1_94' title='bbox 1059 1663 1165 1719; x_wconf 79' lang='grc' dir='ltr'><strong><em>εἶτα</em></strong></span> <span class='ocrx_word' id='word_1_95' title='bbox 1135 1685 1168 1718; x_wconf 92' lang='grc' dir='ltr'><strong><em>το</em></strong></span> 
     </span>
     <span class='ocr_line' id='line_1_14' title="bbox 127 1749 919 1826; baseline 0 -20"><span class='ocrx_word' id='word_1_96' title='bbox 127 1749 316 1819; x_wconf 80' lang='grc' dir='ltr'><strong><em>στοχαστικάν,</em></strong></span> <span class='ocrx_word' id='word_1_97' title='bbox 334 1773 377 1806; x_wconf 90' lang='grc' dir='ltr'><strong><em>οτι</em></strong></span> <span class='ocrx_word' id='word_1_98' title='bbox 394 1772 425 1806; x_wconf 91' lang='grc' dir='ltr'><strong><em>ον</em></strong></span> <span class='ocrx_word' id='word_1_99' title='bbox 443 1754 570 1808; x_wconf 72' lang='grc' dir='ltr'><strong><em>πεισθείς</em></strong></span> <span class='ocrx_word' id='word_1_100' title='bbox 585 1760 693 1826; x_wconf 84' lang='grc' dir='ltr'><strong><em>γυναικί</em></strong></span> <span class='ocrx_word' id='word_1_101' title='bbox 711 1750 860 1820; x_wconf 73' lang='grc' dir='ltr'><strong><em>ἐποιήσατό</em></strong></span> <span class='ocrx_word' id='word_1_102' title='bbox 877 1771 919 1822; x_wconf 87' lang='grc' dir='ltr'><strong><em>με.</em></strong></span> 
     </span>
    </p>
   </div>
   <div class='ocr_carea' id='block_1_6' title="bbox 90 1859 1169 2267">
    <p class='ocr_par' dir='ltr' id='par_1_7' title="bbox 90 1859 1169 2267">
     <span class='ocr_line' id='line_1_15' title="bbox 174 1859 1167 1962; baseline -0.001 -23"><span class='ocrx_word' id='word_1_103' title='bbox 174 1868 341 1962; x_wconf 78' lang='grc' dir='ltr'><strong><em>Ἡγοάμην</em></strong></span> <span class='ocrx_word' id='word_1_104' title='bbox 364 1877 440 1957; x_wconf 82' lang='grc' dir='ltr'><strong><em>μέν,</em></strong></span> <span class='ocrx_word' id='word_1_105' title='bbox 468 1859 495 1938; x_wconf 81' lang='grc' dir='ltr'><em>ὦ</em></span> <span class='ocrx_word' id='word_1_106' title='bbox 519 1867 652 1960; x_wconf 75' lang='grc' dir='ltr'><strong><em>ἄνδρες,</em></strong></span> <span class='ocrx_word' id='word_1_107' title='bbox 681 1874 715 1941; x_wconf 77' lang='grc' dir='ltr'><strong><em>εἴ</em></strong></span> <span class='ocrx_word' id='word_1_108' title='bbox 740 1898 791 1952; x_wconf 87' lang='grc' dir='ltr'><strong><em>τις</em></strong></span> <span class='ocrx_word' id='word_1_109' title='bbox 812 1875 868 1939; x_wconf 84' lang='grc' dir='ltr'><strong><em>καὶ</em></strong></span> <span class='ocrx_word' id='word_1_110' title='bbox 895 1868 996 1950; x_wconf 70' lang='grc' dir='ltr'><strong><em>ἄλλος</em></strong></span> <span class='ocrx_word' id='word_1_111' title='bbox 1018 1870 1167 1959; x_wconf 80' lang='grc' dir='ltr'><strong><em>ἐποιήθη</em></strong></span> 
     </span>
     <span class='ocr_line' id='line_1_16' title="bbox 90 1966 1169 2066; baseline -0.002 -26"><span class='ocrx_word' id='word_1_112' title='bbox 90 1969 158 2041; x_wconf 80' lang='grc' dir='ltr'><strong><em>άπό</em></strong></span> <span class='ocrx_word' id='word_1_113' title='bbox 182 1999 272 2052; x_wconf 89' lang='grc' dir='ltr'><strong><em>τινος</em></strong></span> <span class='ocrx_word' id='word_1_114' title='bbox 293 1973 378 2041; x_wconf 82' lang='grc' dir='ltr'><strong><em>κατὰ</em></strong></span> <span class='ocrx_word' id='word_1_115' title='bbox 400 1973 477 2053; x_wconf 80' lang='grc' dir='ltr'><strong><em>τοὺς</em></strong></span> <span class='ocrx_word' id='word_1_116' title='bbox 499 1975 630 2059; x_wconf 86' lang='grc' dir='ltr'><strong><em>νόμους,</em></strong></span> <span class='ocrx_word' id='word_1_117' title='bbox 652 1977 709 2042; x_wconf 82' lang='grc' dir='ltr'><strong><em>καί</em></strong></span> <span class='ocrx_word' id='word_1_118' title='bbox 732 1973 793 2063; x_wconf 81' lang='grc' dir='ltr'><strong><em>ἐγώ</em></strong></span> <span class='ocrx_word' id='word_1_119' title='bbox 810 1978 1011 2066; x_wconf 75' lang='grc' dir='ltr'><strong><em>ποιηθῆναι,</em></strong></span> <span class='ocrx_word' id='word_1_120' title='bbox 1033 1976 1087 2040; x_wconf 88' lang='grc' dir='ltr'><strong><em>καὶ</em></strong></span> <span class='ocrx_word' id='word_1_121' title='bbox 1112 1966 1169 2039; x_wconf 75' lang='grc' dir='ltr'><strong><em>οὐκ</em></strong></span> 
     </span>
     <span class='ocr_line' id='line_1_17' title="bbox 93 2070 1169 2165; baseline -0.002 -23"><span class='ocrx_word' id='word_1_122' title='bbox 93 2072 133 2144; x_wconf 82' lang='grc' dir='ltr'><strong><em>άν</em></strong></span> <span class='ocrx_word' id='word_1_123' title='bbox 156 2102 241 2144; x_wconf 90' lang='grc' dir='ltr'><strong><em>ποτε</em></strong></span> <span class='ocrx_word' id='word_1_124' title='bbox 264 2075 373 2144; x_wconf 76' lang='grc' dir='ltr'><strong><em>εἰπεῖν</em></strong></span> <span class='ocrx_word' id='word_1_125' title='bbox 395 2070 514 2144; x_wconf 73' lang='grc' dir='ltr'><strong><em>οὐδένα</em></strong></span> <span class='ocrx_word' id='word_1_126' title='bbox 535 2079 701 2165; x_wconf 78' lang='grc' dir='ltr'><strong><em>τολμῆσαι</em></strong></span> <span class='ocrx_word' id='word_1_127' title='bbox 722 2073 769 2155; x_wconf 84' lang='grc' dir='ltr'><strong><em>ῶς</em></strong></span> <span class='ocrx_word' id='word_1_128' title='bbox 792 2076 976 2164; x_wconf 81' lang='grc' dir='ltr'><strong><em>ἐποιήσατό</em></strong></span> <span class='ocrx_word' id='word_1_129' title='bbox 997 2100 1039 2160; x_wconf 83' lang='grc' dir='ltr'><strong><em>με</em></strong></span> <span class='ocrx_word' id='word_1_130' title='bbox 1057 2080 1169 2141; x_wconf 84' lang='grc' dir='ltr'><strong><em>Μενε-</em></strong></span> 
     </span>
     <span class='ocr_line' id='line_1_18' title="bbox 92 2168 1169 2267; baseline -0.001 -24"><span class='ocrx_word' id='word_1_131' title='bbox 92 2179 172 2264; x_wconf 77' lang='grc' dir='ltr'><strong><em>κλῆς</em></strong></span> <span class='ocrx_word' id='word_1_132' title='bbox 193 2181 374 2265; x_wconf 83' lang='grc' dir='ltr'><strong><em>παρανοῶν</em></strong></span> <span class='ocrx_word' id='word_1_133' title='bbox 396 2168 417 2267; x_wconf 77' lang='grc' dir='ltr'><em>ἢ</em></span> <span class='ocrx_word' id='word_1_134' title='bbox 439 2180 568 2264; x_wconf 81' lang='grc' dir='ltr'><strong><em>γυναικὶ</em></strong></span> <span class='ocrx_word' id='word_1_135' title='bbox 590 2178 813 2264; x_wconf 75' lang='grc' dir='ltr'><strong><em>πειθόμενος·</em></strong></span> <span class='ocrx_word' id='word_1_136' title='bbox 838 2176 954 2267; x_wconf 77' lang='grc' dir='ltr'><strong><em>ἐπειδὴ</em></strong></span> <span class='ocrx_word' id='word_1_137' title='bbox 979 2177 1015 2244; x_wconf 77' lang='grc' dir='ltr'><strong><em>δὲ</em></strong></span> <span class='ocrx_word' id='word_1_138' title='bbox 1038 2172 1169 2252; x_wconf 83' lang='grc' dir='ltr'><strong><em>δθεῖος</em></strong></span> 
     </span>
    </p>
   </div>
   <div class='ocr_carea' id='block_1_7' title="bbox 91 2272 1203 3159">
    <p class='ocr_par' dir='ltr' id='par_1_8' title="bbox 92 2272 1169 2573">
     <span class='ocr_line' id='line_1_19' title="bbox 93 2272 1169 2371; baseline 0.001 -27"><span class='ocrx_word' id='word_1_139' title='bbox 93 2272 152 2345; x_wconf 72' lang='grc' dir='ltr'><strong><em>οὐκ</em></strong></span> <span class='ocrx_word' id='word_1_140' title='bbox 174 2272 289 2363; x_wconf 79' lang='grc' dir='ltr'><strong><em>ὀρθῶς</em></strong></span> <span class='ocrx_word' id='word_1_141' title='bbox 305 2281 551 2365; x_wconf 66' lang='grc' dir='ltr'><strong><em>βουλευέμενος,</em></strong></span> <span class='ocrx_word' id='word_1_142' title='bbox 575 2277 621 2358; x_wconf 83' lang='grc' dir='ltr'><strong><em>ῶς</em></strong></span> <span class='ocrx_word' id='word_1_143' title='bbox 635 2279 697 2368; x_wconf 80' lang='grc' dir='ltr'><strong><em>ἐγώ</em></strong></span> <span class='ocrx_word' id='word_1_144' title='bbox 714 2307 811 2371; x_wconf 82' lang='grc' dir='ltr'><strong><em>φημι,</em></strong></span> <span class='ocrx_word' id='word_1_145' title='bbox 834 2284 994 2369; x_wconf 82' lang='grc' dir='ltr'><strong><em>πειρᾶται</em></strong></span> <span class='ocrx_word' id='word_1_146' title='bbox 1009 2277 1045 2358; x_wconf 88' lang='grc' dir='ltr'><strong><em>ἐξ</em></strong></span> <span class='ocrx_word' id='word_1_147' title='bbox 1059 2272 1169 2345; x_wconf 84' lang='grc' dir='ltr'><strong><em>άπαν-</em></strong></span> 
     </span>
     <span class='ocr_line' id='line_1_20' title="bbox 92 2376 1168 2473; baseline 0 -26"><span class='ocrx_word' id='word_1_148' title='bbox 92 2407 151 2460; x_wconf 88' lang='grc' dir='ltr'><strong><em>τος</em></strong></span> <span class='ocrx_word' id='word_1_149' title='bbox 164 2382 293 2471; x_wconf 87' lang='grc' dir='ltr'><strong><em>τρόπον</em></strong></span> <span class='ocrx_word' id='word_1_150' title='bbox 308 2380 367 2449; x_wconf 84' lang='grc' dir='ltr'><strong><em>τὸν</em></strong></span> <span class='ocrx_word' id='word_1_151' title='bbox 383 2376 529 2473; x_wconf 81' lang='grc' dir='ltr'><strong><em>άδελφδν</em></strong></span> <span class='ocrx_word' id='word_1_152' title='bbox 543 2382 602 2451; x_wconf 86' lang='grc' dir='ltr'><strong><em>τὸν</em></strong></span> <span class='ocrx_word' id='word_1_153' title='bbox 618 2380 720 2451; x_wconf 73' lang='grc' dir='ltr'><strong><em>αὑτοῦ</em></strong></span> <span class='ocrx_word' id='word_1_154' title='bbox 736 2379 869 2452; x_wconf 77' lang='grc' dir='ltr'><strong><em>ἄπαιδα</em></strong></span> <span class='ocrx_word' id='word_1_155' title='bbox 884 2385 1056 2449; x_wconf 86' lang='grc' dir='ltr'><strong><em>τεθνεῶτα</em></strong></span> <span class='ocrx_word' id='word_1_156' title='bbox 1066 2407 1168 2448; x_wconf 90' lang='grc' dir='ltr'><strong><em>κατα-</em></strong></span> 
     </span>
     <span class='ocr_line' id='line_1_21' title="bbox 92 2478 1168 2573; baseline -0.002 -23"><span class='ocrx_word' id='word_1_157' title='bbox 92 2488 224 2573; x_wconf 79' lang='grc' dir='ltr'><strong><em>στῆσαι,</em></strong></span> <span class='ocrx_word' id='word_1_158' title='bbox 248 2509 323 2550; x_wconf 92' lang='grc' dir='ltr'><strong><em>ουτε</em></strong></span> <span class='ocrx_word' id='word_1_159' title='bbox 345 2483 423 2564; x_wconf 79' lang='grc' dir='ltr'><strong><em>τοὺς</em></strong></span> <span class='ocrx_word' id='word_1_160' title='bbox 436 2485 541 2565; x_wconf 75' lang='grc' dir='ltr'><strong><em>θεοὺς</em></strong></span> <span class='ocrx_word' id='word_1_161' title='bbox 555 2485 633 2564; x_wconf 80' lang='grc' dir='ltr'><strong><em>τούς</em></strong></span> <span class='ocrx_word' id='word_1_162' title='bbox 648 2485 826 2572; x_wconf 71' lang='grc' dir='ltr'><strong><em>πατρῴους</em></strong></span> <span class='ocrx_word' id='word_1_163' title='bbox 842 2478 923 2552; x_wconf 77' lang='grc' dir='ltr'><strong><em>οάθ</em></strong></span> <span class='ocrx_word' id='word_1_164' title='bbox 946 2481 1038 2568; x_wconf 80' lang='grc' dir='ltr'><strong><em>ὑμῶν</em></strong></span> <span class='ocrx_word' id='word_1_165' title='bbox 1055 2479 1168 2567; x_wconf 82' lang='grc' dir='ltr'><strong><em>αἰσχυ·</em></strong></span> 
     </span>
    </p>

    <p class='ocr_par' dir='ltr' id='par_1_9' title="bbox 91 2579 1203 3083">
     <span class='ocr_line' id='line_1_22' title="bbox 92 2579 1168 2704; baseline -0.005 -52"><span class='ocrx_word' id='word_1_166' title='bbox 92 2585 229 2669; x_wconf 86' lang='grc' dir='ltr'><strong><em>νόμενος</em></strong></span> <span class='ocrx_word' id='word_1_167' title='bbox 251 2579 428 2667; x_wconf 76' lang='grc' dir='ltr'><strong><em>οὐδένα,</em></strong></span> <span class='ocrx_word' id='word_1_168' title='bbox 415 2591 489 2671; x_wconf 82' lang='grc' dir='ltr'><strong><em>εμοὶ</em></strong></span> <span class='ocrx_word' id='word_1_169' title='bbox 519 2581 640 2677; x_wconf 73' lang='grc' dir='ltr'><strong><em>ἀνάγκη</em></strong></span> <span class='ocrx_word' id='word_1_170' title='bbox 670 2587 741 2654; x_wconf 78' lang='grc' dir='ltr'><strong><em>ἐστὶ</em></strong></span> <span class='ocrx_word' id='word_1_171' title='bbox 769 2584 877 2674; x_wconf 82' lang='grc' dir='ltr'><strong><em>πολλὴ</em></strong></span> <span class='ocrx_word' id='word_1_172' title='bbox 898 2590 1041 2704; x_wconf 79' lang='grc' dir='ltr'><strong><em>βοηθεῖν</em></strong></span> <span class='ocrx_word' id='word_1_173' title='bbox 1062 2587 1110 2669; x_wconf 88' lang='grc' dir='ltr'><strong><em>τῶ</em></strong></span> <span class='ocrx_word' id='word_1_174' title='bbox 1132 2607 1168 2648; x_wconf 91' lang='grc' dir='ltr'><strong><em>τε</em></strong></span> 
     </span>
     <span class='ocr_line' id='line_1_23' title="bbox 92 2672 1203 2817; baseline 0.004 -65"><span class='ocrx_word' id='word_1_175' title='bbox 92 2690 199 2775; x_wconf 86' lang='grc' dir='ltr'><strong><em>πατρὶ</em></strong></span> <span class='ocrx_word' id='word_1_176' title='bbox 220 2689 268 2772; x_wconf 75' lang='grc' dir='ltr'><strong><em>τῷ</em></strong></span> <span class='ocrx_word' id='word_1_177' title='bbox 290 2692 542 2776; x_wconf 78' lang='grc' dir='ltr'><strong><em>ποιησαμένῳι</em></strong></span> <span class='ocrx_word' id='word_1_178' title='bbox 543 2714 571 2755; x_wconf 88' lang='grc' dir='ltr'><strong><em>ιε</em></strong></span> <span class='ocrx_word' id='word_1_179' title='bbox 592 2694 647 2757; x_wconf 86' lang='grc' dir='ltr'><strong><em>καὶ</em></strong></span> <span class='ocrx_word' id='word_1_180' title='bbox 670 2688 812 2817; x_wconf 71' lang='grc' dir='ltr'><strong><em>ἐμαυτρῖ.</em></strong></span> <span class='ocrx_word' id='word_1_181' title='bbox 857 2672 1041 2766; x_wconf 83' lang='grc' dir='ltr'><strong><em>διδάξω</em></strong></span> <span class='ocrx_word' id='word_1_182' title='bbox 1005 2711 1061 2752; x_wconf 87' lang='grc' dir='ltr'><strong><em>ουν</em></strong></span> <span class='ocrx_word' id='word_1_183' title='bbox 1081 2680 1203 2769; x_wconf 63' lang='grc' dir='ltr'><strong><em>ὖμάςθ</em></strong></span> 
     </span>
     <span class='ocr_line' id='line_1_24' title="bbox 93 2781 1169 2880; baseline 0.002 -26"><span class='ocrx_word' id='word_1_184' title='bbox 93 2781 170 2866; x_wconf 73' lang='grc' dir='ltr'><strong><em>ἐξ’</em></strong></span> <span class='ocrx_word' id='word_1_185' title='bbox 152 2792 272 2878; x_wconf 79' lang='grc' dir='ltr'><strong><em>αρχῆς</em></strong></span> <span class='ocrx_word' id='word_1_186' title='bbox 274 2784 319 2868; x_wconf 80' lang='grc' dir='ltr'><strong><em>ὥς</em></strong></span> <span class='ocrx_word' id='word_1_187' title='bbox 334 2789 571 2880; x_wconf 83' lang='grc' dir='ltr'><strong><em>προσηκόντως</em></strong></span> <span class='ocrx_word' id='word_1_188' title='bbox 585 2815 623 2857; x_wconf 88' lang='grc' dir='ltr'><strong><em>τε</em></strong></span> <span class='ocrx_word' id='word_1_189' title='bbox 637 2794 691 2858; x_wconf 85' lang='grc' dir='ltr'><strong><em>καὶ</em></strong></span> <span class='ocrx_word' id='word_1_190' title='bbox 707 2789 792 2857; x_wconf 83' lang='grc' dir='ltr'><strong><em>κατὰ</em></strong></span> <span class='ocrx_word' id='word_1_191' title='bbox 806 2789 884 2868; x_wconf 74' lang='grc' dir='ltr'><strong><em>τοὺς</em></strong></span> <span class='ocrx_word' id='word_1_192' title='bbox 906 2787 1027 2873; x_wconf 85' lang='grc' dir='ltr'><strong><em>νόμους</em></strong></span> <span class='ocrx_word' id='word_1_193' title='bbox 1043 2787 1169 2874; x_wconf 79' lang='grc' dir='ltr'><strong><em>ἐγένετο</em></strong></span> 
     </span>
     <span class='ocr_line' id='line_1_25' title="bbox 91 2885 1170 2981; baseline 0.002 -26"><span class='ocrx_word' id='word_1_194' title='bbox 91 2885 112 2979; x_wconf 82' lang='grc' dir='ltr'><strong><em>ἡ</em></strong></span> <span class='ocrx_word' id='word_1_195' title='bbox 136 2896 283 2979; x_wconf 85' lang='grc' dir='ltr'><strong><em>ποίησις,</em></strong></span> <span class='ocrx_word' id='word_1_196' title='bbox 306 2886 419 2959; x_wconf 75' lang='grc' dir='ltr'><strong><em>καὶ’</em></strong></span> <span class='ocrx_word' id='word_1_197' title='bbox 385 2918 442 2959; x_wconf 89' lang='grc' dir='ltr'><strong><em>ουκ</em></strong></span> <span class='ocrx_word' id='word_1_198' title='bbox 464 2891 554 2959; x_wconf 81' lang='grc' dir='ltr'><strong><em>ἐστιν</em></strong></span> <span class='ocrx_word' id='word_1_199' title='bbox 577 2891 729 2971; x_wconf 87' lang='grc' dir='ltr'><strong><em>ἐπίδικος</em></strong></span> <span class='ocrx_word' id='word_1_200' title='bbox 752 2889 769 2960; x_wconf 84' lang='grc' dir='ltr'><strong><em>δ</em></strong></span> <span class='ocrx_word' id='word_1_201' title='bbox 793 2887 943 2981; x_wconf 50' lang='grc' dir='ltr'><strong><em>κλῆρος(</em></strong></span> <span class='ocrx_word' id='word_1_202' title='bbox 926 2917 943 2957; x_wconf 94' lang='grc' dir='ltr'><strong><em>ο</em></strong></span> <span class='ocrx_word' id='word_1_203' title='bbox 961 2893 1170 2968; x_wconf 83' lang='grc' dir='ltr'><strong><em>Μενεκλέους</em></strong></span> 
     </span>
     <span class='ocr_line' id='line_1_26' title="bbox 92 2984 1170 3159; baseline -0.001 -102"><span class='ocrx_word' id='word_1_204' title='bbox 92 2985 189 3069; x_wconf 76' lang='grc' dir='ltr'><strong><em>ὄντος</em></strong></span> <span class='ocrx_word' id='word_1_205' title='bbox 213 2991 294 3077; x_wconf 78' lang='grc' dir='ltr'><strong><em>ἐμοῦ</em></strong></span> <span class='ocrx_word' id='word_1_206' title='bbox 316 2994 391 3060; x_wconf 76' lang='grc' dir='ltr'><strong><em>υἱοῦ</em></strong></span> <span class='ocrx_word' id='word_1_207' title='bbox 413 2992 547 3076; x_wconf 87' lang='grc' dir='ltr'><strong><em>ἐκείνου,</em></strong></span> <span class='ocrx_word' id='word_1_208' title='bbox 572 2987 646 3061; x_wconf 71' lang='grc' dir='ltr'><strong><em>ἄλλ’</em></strong></span> <span class='ocrx_word' id='word_1_209' title='bbox 666 2991 682 3062; x_wconf 84' lang='grc' dir='ltr'>ὁ</span> <span class='ocrx_word' id='word_1_210' title='bbox 699 2994 826 3083; x_wconf 82' lang='grc' dir='ltr'><strong><em>μάρτυς</em></strong></span> <span class='ocrx_word' id='word_1_211' title='bbox 845 2993 1116 3159; x_wconf 56' lang='grc' dir='ltr'><strong><em>διεμαρτάρησεὶ</em></strong></span> <span class='ocrx_word' id='word_1_212' title='bbox 1110 2984 1170 3056; x_wconf 84' lang='grc' dir='ltr'><strong><em>τά·</em></strong></span> 
     </span>
    </p>
   </div>
   <div class='ocr_carea' id='block_1_8' title="bbox 91 3190 1202 3389">
    <p class='ocr_par' dir='ltr' id='par_1_10' title="bbox 91 3190 1202 3389">
     <span class='ocr_line' id='line_1_27' title="bbox 91 3190 1023 3283; baseline 0.004 -23"><span class='ocrx_word' id='word_1_213' title='bbox 91 3192 177 3260; x_wconf 82' lang='grc' dir='ltr'><strong><em>τεάω</em></strong></span> <span class='ocrx_word' id='word_1_214' title='bbox 200 3220 262 3278; x_wconf 88' lang='grc' dir='ltr'><strong><em>μετ</em></strong></span> <span class='ocrx_word' id='word_1_215' title='bbox 302 3190 432 3276; x_wconf 74' lang='grc' dir='ltr'><strong><em>εὐνοίας</em></strong></span> <span class='ocrx_word' id='word_1_216' title='bbox 455 3191 689 3282; x_wconf 76' lang='grc' dir='ltr'><strong><em>ἀποδέχεσθαι</em></strong></span> <span class='ocrx_word' id='word_1_217' title='bbox 709 3223 773 3282; x_wconf 85' lang='grc' dir='ltr'><strong><em>μου</em></strong></span> <span class='ocrx_word' id='word_1_218' title='bbox 795 3196 874 3275; x_wconf 73' lang='grc' dir='ltr'><strong><em>τοὺς</em></strong></span> <span class='ocrx_word' id='word_1_219' title='bbox 897 3197 1023 3283; x_wconf 81' lang='grc' dir='ltr'><strong><em>λόγους.</em></strong></span> 
     </span>
     <span class='ocr_line' id='line_1_28' title="bbox 173 3281 1202 3389; baseline -0.002 -24.986"><span class='ocrx_word' id='word_1_220' title='bbox 173 3290 366 3383; x_wconf 82' lang='grc' dir='ltr'><strong><em>Ἔπῶνυμος</em></strong></span> <span class='ocrx_word' id='word_1_221' title='bbox 386 3298 449 3387; x_wconf 77' lang='grc' dir='ltr'><strong><em>γὰρ</em></strong></span> <span class='ocrx_word' id='word_1_222' title='bbox 472 3325 489 3365; x_wconf 95' lang='grc' dir='ltr'><strong><em>ο</em></strong></span> <span class='ocrx_word' id='word_1_223' title='bbox 480 3294 749 3389; x_wconf 67' lang='grc' dir='ltr'><strong><em>“Άχαρνεάς,“</em></strong></span> <span class='ocrx_word' id='word_1_224' title='bbox 733 3326 750 3366; x_wconf 91' lang='lat' dir='ltr'><em>o</em></span> <span class='ocrx_word' id='word_1_225' title='bbox 773 3297 885 3386; x_wconf 81' lang='grc' dir='ltr'><strong><em>πατὴρ</em></strong></span> <span class='ocrx_word' id='word_1_226' title='bbox 907 3294 924 3365; x_wconf 88' lang='grc' dir='ltr'><strong><em>δ</em></strong></span> <span class='ocrx_word' id='word_1_227' title='bbox 948 3295 1116 3386; x_wconf 68' lang='grc' dir='ltr'><strong><em>ἡμέτερος,</em></strong></span> <span class='ocrx_word' id='word_1_228' title='bbox 1139 3281 1202 3362; x_wconf 70' lang='grc' dir='ltr'><strong><em>ῶθ</em></strong></span> 
     </span>
    </p>
   </div>
   <div class='ocr_carea' id='block_1_9' title="bbox 91 3481 1171 3977">
    <p class='ocr_par' dir='ltr' id='par_1_11' title="bbox 91 3481 1171 3977">
     <span class='ocr_line' id='line_1_29' title="bbox 162 3481 1167 3559; baseline -0.001 -22"><span class='ocrx_word' id='word_1_229' title='bbox 162 3484 182 3537; x_wconf 88' lang='lat' dir='ltr'><strong><em>ll</em></strong></span> <span class='ocrx_word' id='word_1_230' title='bbox 200 3487 237 3539; x_wconf 78' lang='lat' dir='ltr'>tit.</span> <span class='ocrx_word' id='word_1_231' title='bbox 265 3485 303 3538; x_wconf 79' lang='lat' dir='ltr'><strong><em>Cf.</em></strong></span> <span class='ocrx_word' id='word_1_232' title='bbox 321 3485 441 3552; x_wconf 78' lang='lat' dir='ltr'>Harpocr.</span> <span class='ocrx_word' id='word_1_233' title='bbox 459 3502 484 3539; x_wconf 77' lang='grc' dir='ltr'><strong><em>ν.</em></strong></span> <span class='ocrx_word' id='word_1_234' title='bbox 502 3482 608 3559; x_wconf 78' lang='grc' dir='ltr'><strong><em>ἆγενὴει</em></strong></span> <span class='ocrx_word' id='word_1_235' title='bbox 633 3481 696 3540; x_wconf 85' lang='grc' dir='ltr'><strong><em>άντί</em></strong></span> <span class='ocrx_word' id='word_1_236' title='bbox 713 3488 763 3540; x_wconf 83' lang='grc' dir='ltr'><strong><em>τοῦ</em></strong></span> <span class='ocrx_word' id='word_1_237' title='bbox 781 3483 863 3541; x_wconf 78' lang='grc' dir='ltr'><strong><em>άπαιε</em></strong></span> <span class='ocrx_word' id='word_1_238' title='bbox 884 3483 951 3554; x_wconf 85' lang='grc' dir='ltr'><strong><em>παρ’</em></strong></span> <span class='ocrx_word' id='word_1_239' title='bbox 969 3484 1060 3552; x_wconf 83' lang='grc' dir='ltr'><strong><em>Ἰσαίῳ</em></strong></span> <span class='ocrx_word' id='word_1_240' title='bbox 1078 3486 1109 3536; x_wconf 74' lang='grc' dir='ltr'><strong><em>ἐν</em></strong></span> <span class='ocrx_word' id='word_1_241' title='bbox 1126 3483 1167 3550; x_wconf 78' lang='grc' dir='ltr'><strong><em>τῶ</em></strong></span> 
     </span>
     <span class='ocr_line' id='line_1_30' title="bbox 91 3566 1168 3642; baseline -0.002 -18"><span class='ocrx_word' id='word_1_242' title='bbox 91 3567 163 3642; x_wconf 74' lang='grc' dir='ltr'><strong><em>ι’περ</em></strong></span> <span class='ocrx_word' id='word_1_243' title='bbox 181 3567 346 3624; x_wconf 70' lang='grc' dir='ltr'><strong><em>Μενεκλέους</em></strong></span> <span class='ocrx_word' id='word_1_244' title='bbox 367 3566 470 3640; x_wconf 74' lang='grc' dir='ltr'><strong><em>κλῆρον.</em></strong></span> <span class='ocrx_word' id='word_1_245' title='bbox 507 3571 564 3624; x_wconf 86' lang='lat' dir='ltr'><strong><em>Vox</em></strong></span> <span class='ocrx_word' id='word_1_246' title='bbox 585 3572 630 3624; x_wconf 79' lang='lat' dir='ltr'>illa</span> <span class='ocrx_word' id='word_1_247' title='bbox 653 3571 729 3627; x_wconf 81' lang='lat' dir='ltr'>hodie</span> <span class='ocrx_word' id='word_1_248' title='bbox 754 3587 880 3640; x_wconf 83' lang='lat' dir='ltr'><strong>nusquam</strong></span> <span class='ocrx_word' id='word_1_249' title='bbox 905 3572 1035 3639; x_wconf 80' lang='lat' dir='ltr'><strong>reperitur.</strong></span> <span class='ocrx_word' id='word_1_250' title='bbox 1072 3571 1168 3638; x_wconf 60' lang='lat' dir='ltr'><strong><em>hym</em></strong></span> 
     </span>
     <span class='ocr_line' id='line_1_31' title="bbox 93 3652 1165 3728; baseline -0.001 -19"><span class='ocrx_word' id='word_1_251' title='bbox 93 3670 160 3710; x_wconf 86' lang='lat' dir='ltr'>unus</span> <span class='ocrx_word' id='word_1_252' title='bbox 178 3659 233 3709; x_wconf 76' lang='lat' dir='ltr'><strong><em>erat</em></strong></span> <span class='ocrx_word' id='word_1_253' title='bbox 250 3654 373 3708; x_wconf 80' lang='lat' dir='ltr'><strong>Meneclis</strong></span> <span class='ocrx_word' id='word_1_254' title='bbox 392 3655 474 3708; x_wconf 81' lang='lat' dir='ltr'>frater.</span> <span class='ocrx_word' id='word_1_255' title='bbox 505 3655 537 3710; x_wconf 85' lang='grc' dir='ltr'><strong><em>εί.</em></strong></span> <span class='ocrx_word' id='word_1_256' title='bbox 551 3656 621 3723; x_wconf 65' lang='grc'>121.</span> <span class='ocrx_word' id='word_1_257' title='bbox 639 3655 712 3709; x_wconf 81' lang='lat' dir='ltr'>Turr.</span> <span class='ocrx_word' id='word_1_258' title='bbox 763 3657 788 3711; x_wconf 92' lang='lat'><strong><em>1.</em></strong></span> <span class='ocrx_word' id='word_1_259' title='bbox 807 3661 819 3709; x_wconf 92' lang='lat'>1</span> <span class='ocrx_word' id='word_1_260' title='bbox 840 3652 959 3728; x_wconf 77' lang='grc' dir='ltr'><strong><em>ἡγοῦμ..</em></strong></span> <span class='ocrx_word' id='word_1_261' title='bbox 976 3656 1057 3725; x_wconf 69' lang='grc' dir='ltr'><strong><em>Αρι,</em></strong></span> <span class='ocrx_word' id='word_1_262' title='bbox 1075 3659 1165 3710; x_wconf 74' lang='lat' dir='ltr'><strong><em>comt</em></strong></span> 
     </span>
     <span class='ocr_line' id='line_1_32' title="bbox 93 3735 1169 3808; baseline -0.002 -14"><span class='ocrx_word' id='word_1_263' title='bbox 93 3771 127 3780; x_wconf 92' lang='lat'>-</span> <span class='ocrx_word' id='word_1_264' title='bbox 146 3743 161 3794; x_wconf 82' lang='lat'>2</span> <span class='ocrx_word' id='word_1_265' title='bbox 178 3737 240 3793; x_wconf 80' lang='grc' dir='ltr'><strong><em>τῶι</em></strong></span> <span class='ocrx_word' id='word_1_266' title='bbox 253 3740 396 3806; x_wconf 78' lang='lat' dir='ltr'><strong>om.Apr.‚</strong></span> <span class='ocrx_word' id='word_1_267' title='bbox 409 3741 435 3791; x_wconf 87' lang='lat' dir='ltr'><strong><em>in</em></strong></span> <span class='ocrx_word' id='word_1_268' title='bbox 446 3755 471 3792; x_wconf 86' lang='lat' dir='ltr'><strong><em>v.</em></strong></span> <span class='ocrx_word' id='word_1_269' title='bbox 484 3739 568 3795; x_wconf 80' lang='lat' dir='ltr'><strong>add.1</strong></span> <span class='ocrx_word' id='word_1_270' title='bbox 588 3771 621 3780; x_wconf 95' lang='grc'><strong>-</strong></span> <span class='ocrx_word' id='word_1_271' title='bbox 640 3739 814 3794; x_wconf 85' lang='grc' dir='ltr'><strong><em>6τεθνεῶτα</em></strong></span> <span class='ocrx_word' id='word_1_272' title='bbox 826 3736 932 3794; x_wconf 80' lang='grc' dir='ltr'><strong><em>ἄπαιδα</em></strong></span> <span class='ocrx_word' id='word_1_273' title='bbox 944 3741 1004 3794; x_wconf 83' lang='lat' dir='ltr'><strong>Nbr.</strong></span> <span class='ocrx_word' id='word_1_274' title='bbox 1022 3771 1056 3781; x_wconf 93' lang='grc'><strong>-</strong></span> <span class='ocrx_word' id='word_1_275' title='bbox 1074 3735 1169 3808; x_wconf 78' lang='grc' dir='ltr'><strong><em>Ἱδμᾶι</em></strong></span> 
     </span>
     <span class='ocr_line' id='line_1_33' title="bbox 94 3821 1167 3894; baseline 0.001 -15"><span class='ocrx_word' id='word_1_276' title='bbox 94 3824 115 3886; x_wconf 79' lang='lat'>0</span> <span class='ocrx_word' id='word_1_277' title='bbox 133 3854 166 3864; x_wconf 89' lang='lat'><em>-</em></span> <span class='ocrx_word' id='word_1_278' title='bbox 185 3827 200 3879; x_wconf 88' lang='grc'>8</span> <span class='ocrx_word' id='word_1_279' title='bbox 217 3824 258 3891; x_wconf 72' lang='grc' dir='ltr'><strong><em>τῷ</em></strong></span> <span class='ocrx_word' id='word_1_280' title='bbox 276 3843 307 3876; x_wconf 88' lang='grc' dir='ltr'><strong><em>τε</em></strong></span> <span class='ocrx_word' id='word_1_281' title='bbox 319 3823 416 3877; x_wconf 80' lang='lat' dir='ltr'>Bremi:</span> <span class='ocrx_word' id='word_1_282' title='bbox 435 3842 466 3877; x_wconf 88' lang='grc' dir='ltr'><strong><em>τε</em></strong></span> <span class='ocrx_word' id='word_1_283' title='bbox 477 3825 519 3877; x_wconf 84' lang='grc' dir='ltr'><strong><em>τῶ</em></strong></span> <span class='ocrx_word' id='word_1_284' title='bbox 536 3854 569 3865; x_wconf 92' lang='grc'>-</span> <span class='ocrx_word' id='word_1_285' title='bbox 587 3829 603 3880; x_wconf 86' lang='grc'>9</span> <span class='ocrx_word' id='word_1_286' title='bbox 619 3844 654 3894; x_wconf 82' lang='grc' dir='ltr'><strong><em>με</em></strong></span> <span class='ocrx_word' id='word_1_287' title='bbox 672 3841 722 3879; x_wconf 89' lang='lat' dir='ltr'><strong><em>om.</em></strong></span> <span class='ocrx_word' id='word_1_288' title='bbox 740 3825 770 3887; x_wconf 80' lang='lat' dir='ltr'><strong><em>Q.</em></strong></span> <span class='ocrx_word' id='word_1_289' title='bbox 828 3823 854 3880; x_wconf 73' lang='lat'><strong><em>2.</em></strong></span> <span class='ocrx_word' id='word_1_290' title='bbox 875 3829 887 3878; x_wconf 89' lang='lat'>1</span> <span class='ocrx_word' id='word_1_291' title='bbox 908 3821 1039 3879; x_wconf 74' lang='grc' dir='ltr'><strong><em>διδάσκοι</em></strong></span> <span class='ocrx_word' id='word_1_292' title='bbox 1059 3841 1107 3880; x_wconf 86' lang='lat' dir='ltr'><strong><em>em.</em></strong></span> <span class='ocrx_word' id='word_1_293' title='bbox 1120 3825 1167 3880; x_wconf 88' lang='lat' dir='ltr'><strong><em>Bk.</em></strong></span> 
     </span>
     <span class='ocr_line' id='line_1_34' title="bbox 92 3903 1171 3977; baseline 0 -15"><span class='ocrx_word' id='word_1_294' title='bbox 92 3938 127 3949; x_wconf 93' lang='lat'>—</span> <span class='ocrx_word' id='word_1_295' title='bbox 146 3912 161 3962; x_wconf 86' lang='lat'>2</span> <span class='ocrx_word' id='word_1_296' title='bbox 179 3907 241 3962; x_wconf 70' lang='grc' dir='ltr'><strong><em>τοὺς</em></strong></span> <span class='ocrx_word' id='word_1_297' title='bbox 258 3909 342 3962; x_wconf 71' lang='grc' dir='ltr'><strong><em>ωειλ</em></strong></span> <span class='ocrx_word' id='word_1_298' title='bbox 361 3924 407 3977; x_wconf 75' lang='grc' dir='ltr'><strong><em>ηε,</em></strong></span> <span class='ocrx_word' id='word_1_299' title='bbox 425 3924 445 3961; x_wconf 85' lang='lat' dir='ltr'><strong><em>s.</em></strong></span> <span class='ocrx_word' id='word_1_300' title='bbox 458 3924 483 3965; x_wconf 85' lang='lat' dir='ltr'><strong><em>v.</em></strong></span> <span class='ocrx_word' id='word_1_301' title='bbox 497 3910 555 3963; x_wconf 83' lang='lat' dir='ltr'><strong>add.</strong></span> <span class='ocrx_word' id='word_1_302' title='bbox 573 3915 585 3964; x_wconf 95' lang='lat'>1</span> <span class='ocrx_word' id='word_1_303' title='bbox 605 3940 639 3951; x_wconf 93' lang='lat'><em>-</em></span> <span class='ocrx_word' id='word_1_304' title='bbox 657 3913 672 3964; x_wconf 87' lang='grc'><strong>3</strong></span> <span class='ocrx_word' id='word_1_305' title='bbox 690 3903 705 3963; x_wconf 81' lang='grc' dir='ltr'>ὁ</span> <span class='ocrx_word' id='word_1_306' title='bbox 724 3915 783 3964; x_wconf 82' lang='lat' dir='ltr'><strong>ante</strong></span> <span class='ocrx_word' id='word_1_307' title='bbox 796 3907 910 3965; x_wconf 85' lang='grc' dir='ltr'><strong><em>Μενεκλ.</em></strong></span> <span class='ocrx_word' id='word_1_308' title='bbox 923 3911 1007 3973; x_wconf 68' lang='grc' dir='ltr'><strong><em>οπο</em></strong></span> <span class='ocrx_word' id='word_1_309' title='bbox 1026 3943 1058 3952; x_wconf 92' lang='grc'><strong>-</strong></span> <span class='ocrx_word' id='word_1_310' title='bbox 1076 3916 1092 3966; x_wconf 87' lang='grc'>4</span> <span class='ocrx_word' id='word_1_311' title='bbox 1110 3908 1171 3963; x_wconf 74' lang='grc' dir='ltr'><strong><em>υἱοί·</em></strong></span> 
     </span>
    </p>
   </div>
   <div class='ocr_carea' id='block_1_10' title="bbox 95 3987 749 4068">
    <p class='ocr_par' dir='ltr' id='par_1_12' title="bbox 95 3987 749 4068">
     <span class='ocr_line' id='line_1_35' title="bbox 95 3987 749 4068; baseline 0.018 -24"><span class='ocrx_word' id='word_1_312' title='bbox 95 3993 159 4061; x_wconf 77' lang='grc' dir='ltr'><strong><em>ίμυῦ</em></strong></span> <span class='ocrx_word' id='word_1_313' title='bbox 178 3993 198 4055; x_wconf 81' lang='grc'>0</span> <span class='ocrx_word' id='word_1_314' title='bbox 215 4023 249 4032; x_wconf 96' lang='grc'><strong>-</strong></span> <span class='ocrx_word' id='word_1_315' title='bbox 267 3999 282 4047; x_wconf 79' lang='grc'><strong>5</strong></span> <span class='ocrx_word' id='word_1_316' title='bbox 301 3987 328 4046; x_wconf 82' lang='grc' dir='ltr'><strong><em>δ’</em></strong></span> <span class='ocrx_word' id='word_1_317' title='bbox 349 4008 398 4046; x_wconf 86' lang='lat' dir='ltr'><strong><em>om.</em></strong></span> <span class='ocrx_word' id='word_1_318' title='bbox 417 3993 446 4055; x_wconf 80' lang='lat' dir='ltr'><strong><em>Q.</em></strong></span> <span class='ocrx_word' id='word_1_319' title='bbox 515 3993 542 4051; x_wconf 73' lang='lat'><strong><em>8.</em></strong></span> <span class='ocrx_word' id='word_1_320' title='bbox 562 4001 574 4050; x_wconf 92' lang='grc'>1</span> <span class='ocrx_word' id='word_1_321' title='bbox 593 3993 704 4068; x_wconf 74' lang='grc' dir='ltr'><strong><em>χαρνιὺι</em></strong></span> <span class='ocrx_word' id='word_1_322' title='bbox 722 3994 749 4056; x_wconf 53' lang='grc' dir='ltr'><strong><em>λ)1</em></strong></span> 
     </span>
    </p>
   </div>
   <div class='ocr_carea' id='block_1_11' title="bbox 0 0 1321 4476">
    <p class='ocr_par' dir='ltr' id='par_1_13' title="bbox 0 0 1321 4476">
     <span class='ocr_line' id='line_1_36' title="bbox 0 0 1321 4476; baseline 0 0"><span class='ocrx_word' id='word_1_323' title='bbox 0 0 1321 4476; x_wconf 95' lang='lat' dir='ltr'><strong><em> </em></strong></span> 
     </span>
    </p>
   </div>
  </div>
 </body>
</html>
