2626 4476
90 276 159 329 ιιι.
319 307 321 310 ,
369 255 446 308 σενι
462 253 526 309 τοι
542 251 728 307 mmor
748 249 886 305 Κκεεοι,
1104 247 1170 309 109·

92 423 195 505 οῦσας
221 425 283 504 τὰς
312 424 477 513 διαθήκας
507 422 559 510 [ἃς
582 419 790 510 ἒποιήσατο].
843 418 931 500 είκδς
957 419 1021 508 γὰρ
1043 419 1166 488 ἐκεῖνον

92 523 132 597 οῦ
154 527 258 612 μόνον
287 525 469 609 ἐπιθυμεῖν
497 522 571 591 υίδν
594 522 823 612 ποιησάμενον
844 525 1052 604 καταλιπεῖν,
1083 517 1167 588 ἀλλὰ

92 632 147 696 καί
177 633 385 695 σκοπεῖσθαι
414 618 508 704 ὅπως
534 624 723 711 κυριώτατα
751 624 846 691 ’ἐσται
874 623 896 689 ἃ
925 615 965 691 δν
994 625 1167 712 διαθῆται,

93 734 150 798 καί
171 731 231 818 τήν
253 755 290 796 τε
305 723 431 811 οῦσίαν,
454 727 492 795 δν
509 719 549 796 ῦν
564 725 687 804 ἐκεῖνος
703 725 949 814 εἰσποιήσήται,
975 720 1070 804 οὗτος
1093 725 1167 807 ἕξει,

93 835 150 901 καὶ
173 832 232 900 ἐπὶ
253 830 331 908 τοῦς
351 828 486 916 βωμούς
506 828 584 908 τοῦς
605 827 785 914 πατρῴους
800 821 896 906 οὗτος
911 828 1091 913 βαδιεῖται,
1113 831 1170 895 καί

93 933 328 1020 τελευτήσαντι
350 925 441 1018 αύτῷ
461 935 518 999 καὶ
540 945 611 1009 τοῖς
634 929 758 998 ἐκείνου
773 929 952 1018 προγόνοις
973 929 1016 997 τὰ
1038 929 1170 1014 νομιζύ·

94 1061 179 1122 μενα
200 1033 353 1122 ποιήσει’
384 1026 519 1099 ῦπαντα
548 1033 583 1099 δὲ
610 1037 715 1098 ταῦτα
736 1025 872 1116 μάλιστ’
899 1022 940 1099 ῦν
968 1031 1092 1099 εἰδέναι
1114 1025 1204 1103 δτιθ

95 1143 234 1226 γένοιτο,
258 1136 288 1203 εἰ
309 1134 354 1223 μή
380 1130 457 1201 ἄνευ
471 1137 539 1202 τῶν
555 1134 685 1201 οἰκείων
700 1137 766 1200 τιῦν
788 1133 908 1200 ἑαυτοῦ
923 1133 984 1212 τὰς
1006 1134 1171 1221 διαθήκας

96 1253 242 1319 ποιοῖτο,
266 1231 351 1303 ἀλλὰ
373 1240 508 1325 πρῶτον
523 1236 583 1321 μέν
598 1250 762 1322 συγγενεῖς
782 1238 1030 1322 παρακαλέσας,
1053 1236 1172 1304 ἔπειτα

98 1341 135 1408 δί
156 1339 326 1429 φράτερας
347 1341 403 1406 καὶ
426 1338 582 1427 δημότας,
606 1337 725 1405 ἐ’πειτα
746 1342 813 1405 τιῦν
840 1333 949 1406 ἄλλων
972 1338 1172 1428 ἐπιτηδείων

98 1436 198 1519 ὅσους
220 1440 355 1509 δύναιτο
377 1443 573 1519 πλείστους·
598 1433 683 1507 οῦτω
705 1438 768 1526 γὰρ
791 1439 859 1506 εἴτε
880 1439 966 1507 κατὰ
989 1445 1083 1527 γένος
1106 1441 1173 1507 εἴτε

96 1543 182 1612 κατὰ
205 1540 300 1610 δόσιν
322 1536 550 1631 ἇμφισβήτοίη
573 1566 633 1622 τις,
656 1542 782 1631 ῥᾳδίως
804 1532 844 1608 ῦν
859 1541 1024 1629 ἐλέγχοιτο
1045 1542 1172 1629 ψευδό-

97 1670 209 1732 μενος.
245 1640 263 1711 δ
286 1650 397 1712 τοίνυν
410 1638 611 1733 Ἀστύφιλος
633 1637 728 1711 οῦδὲν
750 1649 908 1732 φαίνεται
925 1649 1077 1712 τοιοῦτον
1092 1660 1208 1716 ποι-9
1303 1641 1312 1651 ”

97 1747 194 1836 ήσας,
215 1739 294 1813 ὀῦδὲ
315 1745 617 1835 παραστησάμενος
639 1739 758 1813 οῦδένα
773 1746 899 1814 τούτων
921 1740 978 1814 ὅτε
1001 1746 1173 1815 διέθετοᾶ

99 1844 195 1918 οῦτοί
217 1870 330 1938 φασιν,
360 1847 390 1914 εί
411 1847 456 1934 μή
479 1872 531 1925 τις
554 1843 619 1935 δρα
641 1843 707 1925 ῦπδ
732 1848 859 1916 τούτων
881 1854 1065 1917 πέπεισται
1092 1845 1174 1934 δμο-

100 1953 208 2038 λογεῖν
229 1962 399 2037 παρεῖναι.
444 1941 544 2026 αύτδς
567 1944 598 2014 δ’
624 1945 702 2034 ύμῖν
731 1949 861 2028 πάντας
887 1950 1024 2028 τούτους
1050 1976 1175 2037 μαρτυ-

100 2056 239 2140 ροῦντας
261 2050 462 2137 παρέξομαι.

527 2156 749 2209 ΜΑΡΤΥΡΕΣ.

100 2296 104 2301 .
176 2233 276 2316 Ἴσως
308 2243 419 2304 τοίνυν
448 2239 564 2304 Κλέων
600 2234 715 2305 οῦτοσί
746 2262 848 2327 φησιν
882 2233 940 2306 οῦκ
968 2238 1056 2319 εἰκὸς
1089 2237 1176 2308 εἶναι
1192 2254 1228 2310 10

100 2345 290 2428 τεκμηρίοις
316 2335 402 2423 ὑμᾶς
427 2339 624 2427 χρήσασθαι
651 2339 783 2418 τούτοις
810 2355 881 2419 τοῖς
915 2341 1087 2429 μάρτυσιν,
1125 2335 1178 2410 ὅτι

99 2444 306 2530 μαρτυροῦσι
334 2438 378 2527 μή
409 2439 534 2509 εἰδέναι
564 2435 767 2530 Άστύφιλον
795 2446 901 2508 ταῦτα
931 2444 1177 2528 διατιθέμενον.

100 2541 164 2630 ἐγώ
189 2535 221 2608 δ’
248 2538 353 2626 ο”μαι,
386 2549 466 2629 περί
494 2568 531 2630 γε
560 2543 734 2632 διαθήκαῦν
757 2540 856 2631 ούσής
883 2548 943 2631 τής
965 2538 1178 2635 ἀμφισβητή-

101 2666 187 2724 σεως
209 2646 266 2711 καί
286 2646 366 2729 περί
388 2648 448 2710 τοῦ
468 2648 660 2734 ποιήθήναί
680 2670 756 2713 τινα
777 2644 851 2712 υἱὸν
872 2639 1072 2734 Ἀστνφίλῳ,
1099 2642 1178 2735 ἡμῖν

102 2744 190 2814 πολῦ
211 2750 430 2832 βεβαιοτέραν
446 2743 532 2813 εἶναι
553 2752 737 2836 μαρτυρίαν
752 2746 791 2834 ήν
809 2749 842 2814 οἱ
858 2741 1033 2834 ἀναγκαῖοι
1054 2746 1178 2816 ἐκείνου

102 2850 184 2936 περὶ
206 2850 273 2914 τιῦν
295 2853 459 2934 μεγίστων
481 2847 525 2934 μή
549 2870 636 2935 φασι
657 2853 925 2934 παραγενέσθαι,
948 2852 1075 2934 μᾶλλον
1097 2841 1118 2939 ή
1139 2851 1179 2938 ήν

102 2950 138 3038 οί
166 2948 268 3038 μηδὲν
299 2949 524 3037 προσήκοντες
550 2955 754 3039 μαρτυροῦσι
782 2964 949 3039 παρεῖναι.
999 2954 1054 3018 καὶ
1084 2951 1178 3040 ἐχρῆν
1198 2939 1246 3024 11’

103 3044 152 3139 δ’,
175 3037 201 3117 ὦ
226 3046 352 3138 ἄνδρες,
376 3053 432 3118 καί
455 3045 555 3119 αῦτὸν
577 3054 726 3135 Κλέωνα,
749 3051 794 3140 μή
818 3053 977 3121 δοκοῦντα
999 3050 1086 3120 εἶναι
1106 3048 1180 3141 ήλί-

102 3157 195 3235 θιον,
225 3145 281 3219 ὅτε
307 3149 366 3219 τὸν
395 3151 468 3220 υἱὸν
494 3151 551 3220 τὸν
578 3152 696 3220 τούτου
726 3153 874 3220 ἐποιεῖτο
896 3147 1097 3243 Ἀστύφιλος
1124 3156 1181 3221 καί

101 3252 165 3333 τὰς
188 3252 355 3341 διαθήκας
376 3255 561 3336 κατέλειπε,
584 3256 818 3343 παρακαλέσαι
840 3253 873 3322 εἰ’
892 3259 929 3321 τέ
946 3281 1022 3323 τινα
1045 3259 1182 3342 συγγενῦ

104 3510 107 3521 ·
191 3488 216 3546 λ.
234 3496 250 3546 5
268 3484 299 3543 ἃς
316 3490 484 3556 ἐποιήσαντο
496 3491 566 3556 Βελ,
585 3492 633 3544 del.
647 3491 706 3544 Dbr.
724 3521 757 3530 —
775 3488 845 3544 ιῖκὸε
861 3493 887 3543 in
906 3507 954 3544 ras.
968 3491 1025 3545 add.
1040 3497 1052 3545 1
1069 3495 1136 3564 --8
1148 3487 1181 3545 δν

105 3569 322 3642 ωπ.1,ἢνρι.
396 3576 453 3632 8.1
480 3571 592 3643 μάλιστ’
612 3569 647 3628 ἂν
664 3575 725 3629 ΒΙι.;
750 3572 870 3643 μάλιστα
893 3606 925 3615 -
950 3573 1052 3628 εἰδέναι
1074 3592 1138 3629 corr.
1157 3581 1180 3640 2,

104 3656 170 3713 οἶδα
187 3677 225 3728 pr.
249 3688 282 3701 -·
306 3663 476 3733 ῖγένοιντοε
495 3677 542 3714 em.
561 3660 620 3713 Dbr.
641 3689 676 3700 —
699 3661 796 3714 ἑαυτοῦ
815 3676 878 3714 corr.
898 3664 928 3727 2,
952 3660 1068 3728 ἐμαυτοῦ
1086 3677 1124 3728 pr.
1147 3691 1181 3700 —
1283 3664 1286 3671 “

109 3749 124 3801 ῦ
141 3747 220 3815 γίνου
236 3747 281 3797 {w
340 3745 384 3801 1⁰.
403 3749 417 3800 3
436 3741 643 3813 διατιθέμενον
663 3750 689 3798 et
706 3761 783 3813 supra
795 3764 828 3797 ον
846 3750 872 3798 et
890 3747 916 3797 in
932 3760 983 3811 mg.
997 3751 1069 3798 terna
1087 3751 1182 3814 puncta

106 3830 196 3896 posuit
215 3835 227 3884 1
247 3858 281 3870 -
299 3834 315 3883 5
335 3829 534 3897 ιῖσποιηθῆναί
548 3830 609 3884 Nbr.
630 3859 663 3869 -
686 3833 702 3883 6
720 3836 780 3883 ante
797 3822 831 3896 ἢν
848 3845 913 3883 eras.
931 3829 968 3881 εἰς
985 3859 1018 3868 -
1036 3828 1063 3881 αι’
1078 3835 1182 3885 ίκείνου

108 3913 222 3983 stuppa.
273 3916 314 3970 11.
333 3919 348 3968 3
366 3912 416 3968 τὸν
433 3921 492 3969 ante
509 3909 606 3968 τούτου
625 3931 645 3970 s.
664 3930 689 3968 v.
709 3919 721 3967 1
742 3944 774 3953 —
792 3919 809 3967 4
826 3911 969 3967 κατέλειπε
987 3929 1034 3980 pr„
1052 3933 1065 3966 ε
1083 3918 1098 3968 2
1117 3932 1181 3970 eras.

111 4025 143 4037 -
161 4001 194 4051 τί
208 3999 280 4057 obn:
298 4002 331 4071 γε’
1006 3999 1009 4006 ’
