2626 4476
143 244 182 304 12
625 247 733 301 ΙΣΑΙΟΥ
821 329 823 335 y
1149 265 1188 310 οι.
1206 266 1225 310 1.

140 407 162 506 ἡ
184 422 271 503 γένει
292 422 477 506 προτέρους
505 412 605 495 όντας
620 407 654 504 ή
683 421 724 504 τῇ
755 418 854 506 φιλίη
875 421 916 504 τῇ
939 416 1026 506 πρὸς
1048 416 1107 484 τόν
1128 443 1224 486 τετε-

142 517 329 607 λευτηκότα,
351 514 440 606 ἡμᾶς
462 512 494 584 δ’
521 518 572 597 οἷς
594 517 684 586 ἐστιν
707 512 883 607 ἀμφότερα
898 522 1003 585 ταῦτα
1018 518 1112 605 παρὰ
1131 519 1224 587 πάν·

141 645 208 687 των
231 615 495 707 ὁμολογούμενα,
526 613 707 699 ἀξιώσαιτε
734 619 857 704 μόνους
886 614 1046 709 ἀκλήροος
1075 625 1225 792 ποιήσαι

141 725 208 789 τῶν
231 721 365 789 ἐκείνου.

90 831 129 888 3⁹
227 828 296 893 Καὶ
319 825 349 892 εί
370 825 430 909 ἐμν
452 821 686 911 Πολύαρχος(
669 850 687 891 ο
712 823 823 912 πατὴρ
845 851 863 891 ο
852 821 1098 909 ζΚλεωνύμου,
1121 825 1223 892 πάπ-

142 951 208 1005 πος
230 921 262 995 δ’
287 923 456 1015 ἡμέτερος,
480 927 544 1007 ζων
567 925 718 1013 ἐτύγχανε
740 929 796 994 καὶ
811 952 877 994 ταν
894 925 1093 1016 ἐπιτηδείων
1108 926 1223 1016 ἐνδεής

142 1025 198 1111 ὤν,
213 1057 233 1118 η
218 1020 449 1114 ”Κλεώνυμος
465 1028 654 1118 ἐτελεύτησε
668 1034 856 1118 θυγατέρας
874 1024 1106 1119 ἀπορουμένας
1120 1056 1223 1097 κατα·

143 1131 262 1212 λιπών,
276 1127 381 1221 ,ἡμεῖς
404 1121 444 1198 ἀν
463 1130 520 1198 διά
535 1131 595 1219 τήν
611 1124 800 1218 ἀγχιστείαν
815 1134 870 1198 καὶ
886 1131 944 1199 τόν
959 1132 1106 1199 πάππον
1120 1158 1223 1221 γηρο-

141 1246 278 1321 τροφεῖν
306 1226 563 1320 ἠναγκαζόμεθα
592 1232 731 1310 καὶτὰς
758 1233 959 1317 Κλεωνύμου
987 1223 1221 1322 θυγατέραςή

142 1334 256 1418 λαβεῖν
280 1326 376 1400 αύτοὶ
397 1347 553 1420 γυναῖκας
575 1324 596 1421 ή
619 1348 743 1422 προῖκα
766 1333 976 1412 ἐπιδιδόντες
991 1333 1117 1421 ἐτέροις
1132 1333 1221 1402 ἐκδι-

143 1433 248 1516 δόναι,
271 1437 327 1501 καὶ
349 1428 452 1502 ταῦθ’
478 1431 567 1523 ἡμᾶς
588 1439 644 1502 καὶ
665 1431 685 1523 ἡ
717 1441 887 1523 συγγένεια
909 1438 965 1502 καί
988 1437 1021 1502 οἱ
1044 1435 1141 1520 νόμοι
1162 1439 1221 1503 καί

141 1531 160 1623 ἡ
177 1529 261 1625 παρ’
279 1532 372 1620 ύμών
389 1536 523 1626 αἰσχύνη
540 1551 653 1605 ποιεῖν
668 1531 846 1625 ἠνάγκαζεν
862 1532 911 1618 ἀν,
927 1526 1035 1624 ἡταῖς
1046 1543 1221 1623 μεγίσταις

90 1651 128 1707 4⁰
143 1637 276 1727 ζημίαις
297 1642 353 1704 καὶ
366 1653 439 1716 τοῖς
454 1637 606 1722 ἐσχάτοις
621 1633 766 1706 ὀνείδεσι
780 1652 996 1726 περιπεσεῖν·
1019 1637 1050 1704 εἰ
1066 1633 1097 1704 δ’
1121 1633 1221 1706 ούσία

141 1741 358 1828 κατελείφθη,
382 1741 511 1808 δίκαιον
532 1735 695 1830 ἡγήσεσθ’
722 1737 809 1808 εἶναι
829 1741 951 1829 ταύτης
973 1740 1104 1828 ἐτέρους
1124 1738 1220 1828 ἡμῶν

141 1842 269 1926 μᾶλλον
299 1844 530 1931 κληρονομεῖν,·
562 1838 620 1911 οάκ
650 1839 716 1932 ἀρα
743 1844 857 1910 δίκαια
887 1837 959 1909 ούδ)
994 1839 1072 1927 ὑμῖν
1105 1838 1221 1922 αὐτοῖς

143 1949 356 2033 συμφέροντα
386 1938 462 2012 ούδὲ
488 1959 559 2024 τοῖς
589 1946 704 2030 νόμοις
736 1943 984 2068 ὁμολογούμενα
1017 1952 1219 2039 ψηφιεῖσθε,

142 2045 173 2112 εί
193 2051 261 2114 τῶν
282 2047 343 2132 μέν
361 2051 543 2169 σημφορῶν
557 2047 636 2127 τούς
651 2048 817 2136 ἐγγυτάτω
831 2054 919 2136 γένει
933 2063 1102 2116 κοινωνεῖν
1119 2043 1220 2137 ἀναγ-

140 2148 268 2230 κάσετε,
288 2149 481 2272 χρημήτων
489 2150 525 2216 δέ
546 2151 842 2240 καταλειφθέντων
863 2150 994 2251 πάντας
1016 2144 1221 2237 ἀνθρώπους

141 2256 360 2338 κυριωτέρους
381 2240 403 2339 ή
425 2251 561 2330 τούτους
583 2252 752 2341 ποιήσετε.

89 2363 125 2418 41
228 2351 303 2471 Χρὴ
328 2340 423 2435 δέ,
396 2381 422 2419 ω
448 2349 579 2443 ἀνδρες,
609 2359 666 2422 καί
653 2353 751 2423 ίδιόι
781 2354 841 2443 τὴν
871 2361 1060 2443 συγγένειαν
1080 2358 1137 2422 καί
1161 2355 1218 2423 διὰ

141 2453 200 2543 τὴν
222 2459 282 2522 τού
305 2456 502 2544 πράγματος
530 2450 752 2546 ἀλήθειανᾙ
740 2452 826 2546 όπερ
855 2470 1000 2539 ποιεῖτε,
1034 2471 1106 2534 τοῖς
1133 2456 1218 2524 κατὰ

140 2561 234 2642 γένος
256 2557 473 2648 ψηφίζεσθαι
493 2549 670 2643 μάλλον
648 2587 668 2645 η
699 2573 770 2636 τοῖς
791 2557 876 2625 κατά
900 2511 1106 2648 διαθήκην’
1088 2581 1218 2647 αμφισ·

139 2664 308 2749 βητοῦσιν.
352 2661 412 2749 τήν
434 2660 571 2746 μὲνγὰρ
587 2665 773 2748 τοῦγένους
792 2661 979 2752 οἰκειότητα
994 2661 1118 2740 πάντες
1141 2661 1218 2730 ἐπι-

141 2761 301 2846 στάμενοι
323 2762 504 2849 τυγχάνετε,
528 2765 584 2829 καί
607 2756 665 2846 ούχ
688 2762 759 2831 οἷόν
774 2789 811 2831 τε
825 2758 916 2831 τοῦτ’
943 2764 1015 2831 ἐστι
1029 2763 1117 2850 πρός
1131 2760 1218 2848 ὗμᾶς

140 2863 358 2949 ψεύσασθαι·
383 2864 549 2953 διαθήκας
571 2858 604 2931 δ’
630 2861 692 2956 ήδη
715 2869 838 2934 πολλοὶ
861 2867 998 2954 ψευδεῖς
1027 2860 1216 2956 ἀπέφηναν,

139 2968 196 3031 καὶ
218 2967 251 3032 οἱ
272 2967 332 3050 μὲν
354 2965 391 3033 τό
416 2966 580 3054 παράπαν
603 2961 641 3035 ού
656 2975 842 3056 γενομένας,
866 2968 961 3036 ἐνίων
978 2961 1009 3034 δ’
1029 2961 1087 3036 ούκ
1101 2962 1217 3056 ὀρθῶς

88 3075 126 3131 42
138 3069 416 3153 βεβουλευμένων.
461 3072 516 3135 καὶ
539 3073 596 3136 νῦν
617 3066 711 3155 ἡμεῖς
725 3069 785 3159 τὴν
799 3072 859 3155 μὲν
876 3075 1064 3157 συγγένειαν
1085 3073 1141 3138 καὶ
1156 3068 1217 3158 τὴν

141 3169 327 3259 οἰκειότητα
342 3170 402 3259 τήν
416 3167 588 3260 ἡμετέραν,
614 3173 664 3252 οἷς
681 3169 777 3261 ἡμεῖς
801 3168 1044 3260 ἀγωνιζόμεθα,
1069 3166 1216 3252 άπαντες

140 3271 346 3339 ἐπίστασθε
368 3271 470 3350 τόιςδ
471 3274 741 3362 ἐδιαθήκας,ἶ
704 3299 757 3352 ας
780 3269 872 3342 ουτοι
892 3274 1107 3354 πιστεύοντες
1128 3273 1216 3364 ἡμᾶς

138 3476 198 3565 τὴν
226 3477 286 3561 μὲν
314 3427 475 3567 ἡμετέραν
504 3485 692 3567 συγγένειαν
723 3475 878 3602 εὴρήσετε
902 3482 958 3545 καί
985 3504 1057 3603 παρ
1105 3474 1214 3547 ούτών

138 3583 205 3645 τῶν
228 3572 403 3648 ἀντιδίκων
419 3577 695 3672 ὁμολογουμένην,
716 3579 777 3658 τὰς
800 3582 836 3648 δέ
859 3577 1056 3670 διαθήκας”
1039 3608 1086 3671 υφ
1090 3575 1214 3671 ἡμων

207 3751 222 3802 3
239 3745 288 3801 τὸν
304 3749 388 3811 om.0
408 3782 439 3790 —
457 3755 474 3805 4
491 3749 560 3818 ἡμᾶς
576 3752 598 3803 Α
616 3780 649 3792 -
668 3757 683 3805 5
701 3745 846 3814 ἀξιώσεται
865 3768 914 3805 em.
933 3753 994 3806 Cob.
1047 3751 1107 3826 ¹89.
1129 3757 1141 3805 1
1163 3757 1214 3804 Πο·

138 3829 249 3904 λύαρχοε
266 3833 330 3886 Mai:
348 3834 482 3906 ναύαρχος
499 3835 543 3895 ΑΟ
561 3866 594 3882 ,-
613 3832 628 3888 ὁ
646 3844 704 3889 ante
723 3834 772 3888 Κλ.
791 3852 842 3890 om.
860 3837 882 3887 Α
899 3853 945 3905 pr„
968 3838 994 3888 in
1012 3854 1036 3891 v.
1057 3839 1113 3890 add.
1134 3841 1156 3891 1.

136 3917 181 3972 4⁰.
201 3922 215 3970 7
234 3916 313 3990 κύρια
331 3919 360 3980 Q.
416 3920 459 3974 41.
481 3925 491 3973 l
512 3923 558 3971 καί
576 3916 621 3973 διὰ
637 3917 690 3987 τήν
701 3937 776 3994 σνγγ.
788 3927 907 3990 suspecta
926 3951 957 3962 ·-
978 3926 993 3976 2
1012 3922 1163 3983 ποιεῖταιΟ
1181 3952 1214 3961 -

137 3997 317 4074 3ψηφίζεοο
336 4033 369 4042 -
389 4009 403 4058 5
422 4004 572 4056 ίστὶτούτο
585 4003 614 4064 Q.
682 4004 728 4059 42.
751 4011 760 4060 1
780 4002 867 4073 ἡμεῖτε
885 4024 933 4060 em.
947 4007 996 4061 Mai
1015 4035 1049 4046 -
1067 4011 1083 4060 4
1100 4001 1213 4074 ἡμάνί)
