2626 4476
142 242 203 304 118
406 286 411 296 .
623 241 732 294 ΙΣΔΙΟΥ
1140 254 1220 298 οτιι

176 411 191 468 ὁ
208 411 240 468 δὲ
251 410 412 485 Δημοχάρης
427 408 522 479 ἀτελής
540 406 582 464 αἲν
599 406 662 465 0666
674 407 756 465 αὐτὸς
773 405 889 465 ίδάνατο
906 409 1062 478 εἰσποιήσαι
1074 408 1116 474 τῷ
1134 411 1219 479 πατρί

90 504 122 555 25
176 498 264 553 θετὸν
285 494 358 551 υἱόν·
383 492 444 550 ἀλλ’
463 491 526 550 οὐδ’
544 491 561 562 ή
582 493 649 563 άλλη
673 492 799 567 θυγάτηρ
823 489 907 548 αὐτοῦ
928 492 945 560 ἡ
968 488 1219 564 πραττλιυτήσασα.

176 578 249 637 ω’στε
266 577 297 636 06
315 581 385 635 κατὰ
401 581 452 635 τὸν
469 579 564 650 νόμον,
586 587 665 652 φησί,
689 581 736 647 της
753 575 928 645 εἰσποιήσεως
946 581 1093 650 γενομένης
1110 577 1160 630 τοῦ
1176 599 1219 646 μι·

176 668 242 739 κροῦ
257 665 441 738 Ἀριστάρχου,
459 663 548 720 οὐκέτι
565 672 715 720 συνίστατο
733 661 750 732 ή
769 661 889 730 διαθήκη
908 659 1000 729 αὐτοῦ,
1016 663 1068 715 τοῦ
1079 666 1143 715 νέου
1153 661 1220 734 Ἀρι·

176 749 304 823 στάρχου·
322 746 340 804 6
356 750 409 824 γὰρ
426 749 464 820 μὴ
481 747 593 804 δικαίως
609 749 750 818 ἐκτήσατο,
773 751 832 804 πῶς
853 744 928 814 ἄλλην
946 751 1147 819 παραπέμπειν
1162 743 1218 800 666·

176 858 261 904 νατο,’
278 832 474 907 ἀναιρουμένης
486 833 516 889 δὲ
527 838 574 902 τῆς
586 831 720 901 διαθήκης
732 829 842 888 εἰκότως
854 832 868 885 ὃ
880 829 975 902 κλῆρος
986 832 1023 884 εἰς
1034 829 1085 885 τὸν
1104 828 1218 903 λέγοντα

91 928 124 978 36
176 921 227 978 τὸν
244 919 326 995 λόγον
342 924 461 992 ἐφέρετο,
479 919 540 975 υἱὸν
556 917 625 974 ὄντα
636 921 683 987 τῆς
699 925 811 992 γνησίας
823 918 963 990 θυγατρὸς
976 912 1154 989 Ἀριστάρχου
1170 913 1219 967 τοὶ-

176 1008 302 1064 παλαιοῦ.
339 1011 394 1059 Καὶ
417 1001 434 1075 ἦ
456 1008 508 1075 μὲν
531 1001 666 1059 ἱπάθεσις
683 1000 765 1074 αὕτη,
787 999 804 1073 ἡ
821 1000 915 1058 στάσις
932 999 964 1054 δὲ
983 998 1161 1073 πραγματικὴ
1178 1001 1218 1072 ἔγ·

173 1109 289 1165 γραφος·
315 1095 390 1159 ζητεῖ
411 1089 462 1164 γὰρ
484 1091 508 1141 εἰ
531 1087 574 1142 δεῖ
596 1088 645 1145 τὰς
664 1087 793 1143 τοιαύτας
809 1085 973 1142 συνιστάνω
997 1084 1150 1153 διαθήκας,
1175 1088 1219 1136 καί

175 1184 217 1232 τίς
233 1173 391 1247 δικαιότερα
408 1173 486 1246 λίγει.

107 1314 123 1365 1
225 1290 373 1381 Ἔβουλόχ
360 1322 467 1384 χχιην
442 1298 452 1373 ί
454 1295 541 1380 μέν),
563 1281 589 1360 6
606 1290 731 1382 άνδρες,
754 1288 869 1382 ὥσπερ
884 1296 1081 1368 Ξεναίνετος
1104 1286 1217 1357 οὑτοσὶ

45 1432 47 1436 ·
143 1399 282 1467 δύναται
296 1398 406 1487 ψευδῆ
422 1400 527 1484 λέγειν
542 1389 805 1486 θαρραλέως(
774 1391 860 1463 οὕτω
875 1388 964 1482 κάγω
953 1387 1116 1483 τάληθή
1134 1392 1218 1482 πρὸς

140 1498 228 1588 ὑμᾶς
239 1494 392 1625 περὶ
364 1527 410 1568 ων
441 1493 715 1590 ἀμφισβητοῦμεν
745 1498 852 1566 εἰπεῖν
886 1497 1088 1587 δυνηθῆναι
1124 1491 1216 1580 οἶμαι

141 1603 203 1731 γὰρ
234 1594 274 1671 άν
301 1599 379 1688 ὗμῖι
408 1595 537 1681 εὐθέως
564 1602 664 1691 δῆλον
692 1605 853 1688 γενέσθαι
880 1591 952 1666 ε’ίθ
977 1593 1073 1720 ἡμεῖς
1095 1589 1155 1664 άδί
1142 1603 1217 1676 ίκως

142 1706 200 1773 ἐπὶ
222 1705 281 1772 τὸν
302 1697 457 1792 κλῆρον”
436 1729 566 1792 ηκομεν,
591 1697 662 1771 είθ
682 1697 774 1770 οὗτοι
796 1728 842 1789 μη
857 1699 1095 1825 προσηκόντως
1109 1699 1215 1767 πάλαι

141 1806 183 1874 τὰ
202 1808 356 1928 χρήματα
377 1809 483 1873 ταῦτα
505 1805 674 1894 εἰλήφασι.
720 1809 776 1872 νῦν
799 1797 893 1870 66
858 1829 916 1870 ουκ
938 1802 1010 1882 ἒξ”
996 1824 1071 1870 ισου
1093 1802 1216 1871 διακεί-

140 1914 243 1995 μεθα,
267 1936 294 1975 ω
279 1895 444 1997 ἄνδρες.
482 1934 516 1974 οι
505 1907 597 1993 μὲν
618 1907 681 1996 γὰρ
696 1910 751 1975 καὶ
775 1909 881 1995 λέγειν
904 1906 1010 1973 δεινοὶ
1027 1907 1083 1972 καὶ
1106 1931 1215 1993 παρα-

141 2012 375 2079 σκευάσασθαι
399 2012 521 2096 ἱκανοί,
551 2001 638 2076 ὥστε
659 2036 716 2077 και
704 2005 822 2097 ὑπὲρ
851 2009 972 2097 ἑτέρων
995 2007 1159 2087 πολλάκις
1183 2006 1215 2074 ἐν

140 2109 218 2197 ὑμῖν
245 2107 451 2238 ἠγωνίσθαι·
481 2110 543 2198 ἐγώ
574 2110 610 2178 66
637 2109 682 2200 μή
712 2104 766 2178 ὅτι
797 2107 883 2199 ὑπὲρ
913 2105 1014 2178 άλλου
1037 2103 1115 2177 ἀλλ’
1142 2103 1215 2177 οὐδὲ

140 2211 269 2299 6666'
250 2217 399 2298 ρμαυτοῦ
428 2213 569 2280 πώποτε
584 2212 692 2303 δίκην
715 2212 763 2280 ἰδί
751 2218 804 2280 αίν
828 2213 957 2302 εἴρηκα,
981 2206 1069 2280 ὥστε
1090 2213 1215 2300 πολλῆς

142 2317 195 2382 δεῖ
214 2339 257 2399 με
279 2314 471 2405 συγγνώμης
492 2329 600 2398 τυχεῖν
622 2339 692 2435 παρ
732 2311 835 2401 ὑμῶν.

105 2429 124 2485 2
222 2409 451 2505 Ἠνάγκασμαι
471 2417 532 2503 μὲν
554 2403 621 2500 οὖν,
645 2444 671 2482 ιο
657 2403 818 2502 άνδρες,
842 2414 956 2486 διὰ
921 2442 959 2484 το
977 2415 1022 2541 666
1047 2415 1214 2484 δύνασθαι

141 2519 175 2586 δί
163 2526 233 2609 ίκην
262 2543 333 2605 παρ
381 2513 488 2587 αὐτῶν
517 2522 644 2604 λαβεῖν,
673 2518 733 2608 τήν
759 2523 887 2608 μητέρα
914 2517 975 2606 τήν
1005 2517 1086 2607 ἐμήν
1114 2517 1149 2586 ἓν
1175 2521 1214 2640 66

141 2612 543 2710 άνακρίσειᾺριστάρχου
566 2616 654 2688 εἶναι
669 2614 817 2710 άδελφήν
838 2614 1210 2708 προσγράψασθαι·’
1177 2647 1212 2688 ον

139 2720 204 2811 μὴν
227 2722 284 2790 διὰ
312 2727 410 2790 τοῦτο
438 2719 516 2807 ὑμῖν
542 2719 562 2808 6
594 2722 773 2810 διάγνωσις
800 2717 900 2810 ἦττον
923 2724 1000 2809 περὶ
1030 2715 1141 2790 αὐτῶν
1163 2716 1214 2790 εὖ·

139 2822 251 2911 κρινής
278 2823 467 2911 γενήσεται,
497 2817 614 2889 άλλΗ
599 2849 634 2890 εκ
660 2829 728 2892 τῶν
761 2824 872 2910 νόμων
902 2827 1086 2891 σκοποῦσιν
1115 2824 1146 2891 εἰ
1172 2822 1212 2890 τά

139 2923 259 2991 ἑαυτοῦ
280 2925 403 2991 δέδωκε
417 2924 525 3012 τούτῳ
539 2916 797 3045 Ἀρίσταρχος”
775 2953 795 3014 η
811 2925 853 2993 τὰ
875 2926 978 3017 μηδὲν
992 2925 1212 3016 προσήκοντα.

140 3025 211 3094 ἔστι
235 3027 271 3093 66
294 3027 423 3094 δίκαιον
446 3028 554 3108 τοῦτο,
577 3054 604 3093 ω
590 3013 802 3116 ἄνδρες(
784 3053 801 3095 ο
825 3026 888 3117 γὰρ
912 3028 1012 3114 νόμος
1033 3024 1212 3095 κελεύειτὰ

138 3128 237 3213 μὲν“
221 3132 341 3197 εαυτοῦ
369 3122 606 3196 διαθέσθαι’
586 3155 654 3217 οτηι
677 3119 718 3196 δν
741 3129 859 3250 6366,
881 3132 949 3197 τιῦν
972 3129 1008 3195 66
1031 3122 1169 3252 άλλρτρί
1170 3155 1213 3195 ων

102 3223 260 3301 Βοῦδένα
292 3229 405 3316 κύριον
437 3237 613 3320 πεποίηκε.
667 3236 765 3299 τοῦτο
798 3219 856 3299 οὖν
887 3228 974 3316 ὑμᾶς
1006 3231 1212 3320 πειράσομαι

138 3357 273 3421 πρωτον
296 3333 483 3458 διδάσκειν,
498 3331 557 3400 ἐάν
577 3359 642 3419 μου
661 3359 724 3419 μετ
727 3326 927 3412 6660669’
909 3336 1049 3401 ακοῦσαι
1064 3332 1212 3422 ἐθέλητε.

139 3435 277 3504 εἴσεσθε
304 3435 366 3560 γάρ
388 3432 435 3514 ὥς
465 3431 625 3523 δκλήρος
652 3428 749 3512 οὗτος
772 3428 809 3501 06
830 3433 958 3502 τούτων
979 3420 1019 3558 66
1047 3429 1123 3514 λζ’
1105 3439 1211 3524 αρχῆς,
1237 3514 1241 3522 ε

139 3530 225 3604 ἀλλὰ
247 3540 305 3625 τῆς
328 3535 406 3625 ἐμῆς
428 3535 553 3625 μητρὸς
574 3539 742 3625 πατρῷος,
765 3535 884 3604 ἐ’πειτα
898 3532 1022 3615 καλῶς
1036 3529 1112 3624 Ἀρί
1113 3559 1212 3622 σταρ-

223 3740 255 3791 ῖῖ
275 3741 422 3792 συνίστατο
438 3755 485 3808 pr„
501 3757 532 3796 αι
549 3754 581 3793 ex
599 3757 614 3791 0
632 3741 776 3793 com—2
793 3742 826 3793 33
844 3743 886 3798 τίς
902 3743 1003 3804 εοπ.,1
1020 3743 1052 3791 τί
1061 3755 1101 3806 pr
1154 3741 1209 3794 1.1

137 3822 194 3888 μὲν
206 3820 264 3881 αδδ.
283 3820 382 3877 Bk·-
399 3820 468 3877 266
478 3778 572 3892 ψευδῆ
590 3823 708 3880 Schoem.
732 3854 766 3865 -
788 3821 936 3895 θαρραλοῖ
939 3839 980 3876 ωσ
996 3840 1043 3892 pr„
1062 3839 1128 3878 corr.
1146 3826 1212 3878 2-

138 3897 243 3961 ὓάστ.
261 3923 308 3976 pr„
331 3910 439 3969 coma
523 3907 634 3966 226
649 3909 722 3964 δοκε
740 3905 864 4050 6665-
887 3904 1103 3980 ίήδιάγνασιε
1121 3908 1212 3963 Schb:

134 3983 218 4058 ἥδοι’
202 4011 220 4060 η
235 3991 337 4066 γνῶσις
403 3992 431 4049 θ
449 3992 580 4049 3ἴσεσθα
596 4011 643 4063 pn,
661 3998 758 4050 σοπ.2
