2626 4476
139 249 179 309 20
624 247 731 302 ΙΣΑΙΟΥ
1148 260 1186 303 or.
1201 260 1221 302 2

126 405 299 497 1πεισθεὶς
322 418 379 503 ἐμὲ
402 417 587 505 ἐποιήσατο
609 417 693 502 υἱόν,
716 410 801 483 ἀλλὰ
823 416 971 499 μάλιστα
993 416 1053 499 μὲν
1072 411 1141 482 ὑπὸ
1158 419 1221 504 της

140 521 278 691 ἐρημίας
312 519 483 608 [ἐπείσθη]
491 571 499 601 ,
534 518 686 606 δεύτερον
719 519 756 585 δὲ
790 517 847 585 διὰ
879 516 940 595 τὰς
972 523 1221 640 προειρημένας

140 624 252 702 αἰτίας
279 625 335 690 καί
365 621 421 689 διὰ
449 619 508 708 τὴν
538 615 670 687 εδνοιαν
696 619 757 708 τὴν
788 616 1004 708 ὑπάρχουσαν
1038 618 1126 707 πρὸς
1159 618 1220 687 τὸν

140 730 272 814 πατέρα
294 723 353 793 τὸν
376 722 465 809 ἐμόν,
487 748 527 810 τρ
530 728 601 790 ίτον
624 722 660 789 δὲ
682 719 796 788 διὰ
762 747 799 789 το
824 720 868 811 μη
893 719 979 789 εἶναι
1002 725 1140 810 συγγενῆ
1155 748 1220 810 μη-

141 822 208 894 δέν’
236 823 336 895 άλλον
360 820 421 892 αδτ
423 851 460 952 ηρ,
482 821 616 892 ὁπόθεν
637 812 678 890 δν
701 821 941 910 ἐποιήσατοί
907 824 990 891 υιόν.
1035 827 1141 944 τρῶτα
1160 849 1220 913 τη·

141 923 266 996 λικαῶτ’
300 924 453 1014 (δντα)’
439 932 551 1014 ενῆγεν
580 924 638 1009 ἐμὲ
667 925 899 1012 ποιήσασθαι·
929 919 1015 993 ῶστε
1040 919 1078 992 03
1105 951 1220 1014 παρα-

141 1036 275 1156 φρονῶν
307 1035 464 1198 φαίνεται
493 1022 569 1094 0333
597 1030 637 1114 τῇ
664 1028 793 1112 γυναικὶ
821 1032 996 1109 πεισθείς,
1025 1028 1055 1096 εί
1082 1027 1127 1116 μὴ
1153 1025 1221 1118 άρα

140 1132 200 1221 τὴν
223 1131 361 1220 ἐρημίαν
385 1124 486 1196 αὐτοῦ
513 1130 569 1195 καί
597 1127 656 1216 τὴν
686 1126 852 1196 ἀπαιδίαν
881 1124 976 1207 οὗτος
997 1130 1155 1215 βούλεται
1180 1131 1219 1199 τὸ

90 1229 162 1296 21²
143 1258 250 1317 ονομα
271 1238 369 1301 τοῦτο
386 1230 659 1320 προσαγορεύειν.
672 1224 892 1351 ἡδίσιςδΗ
870 1258 910 1297 αν
924 1231 1086 1316 μοιδοκῶ
1097 1233 1220 1301 τούτου

140 1339 321 1402 πυθέσθαι
349 1338 408 1401 τοῦ
437 1333 623 1422 φάσκοντος
652 1318 686 1398 εδ
710 1346 918 1456 φρονεῖν,τ
898 1339 973 1400 τίνα
1002 1328 1221 1422 ποιήσασθαι

141 1437 235 1527 ἐχρῆν
258 1430 353 1524 [άπὸ]
376 1439 443 1502 τῶν
467 1437 643 1521 συγγενῶν,·
672 1433 800 1521 πότερα
827 1433 886 1500 τὸν
908 1433 982 1501 υίδν
1003 1433 1062 1502 τδν
1083 1437 1221 1520 τούτους

141 1534 220 1606 ἄλλ’
255 1533 312 1607 οδκ
341 1528 381 1604 δν
404 1531 494 1623 αδτῴ
517 1536 654 1617 ἐδωκεν,
678 1531 810 1602 άπαιδα
834 1532 933 1603 αὑτὸν
956 1538 1139 1616 καθιστάς·
1164 1531 1221 1622 οδχ

141 1636 246 1763 οδτφς
276 1635 372 1718 οὗτός
400 1639 471 1706 ἐστι
502 1637 759 1727 φιλοχρήματος.
804 1629 945 1703 άλλδι
910 1664 969 1705 τον
990 1643 1049 1727 τῆς
1065 1633 1221 1763 ἀδελφῆς

140 1735 242 1832 ἢτδν
264 1767 322 1829 της
345 1730 531 1862 άνεφιᾶςῆ
559 1736 618 1805 τὸν
646 1742 705 1805 τοῦ
734 1732 894 1824 άνεφιοῶ,·
922 1733 1007 1806 άλλά
1036 1740 1096 1828 τὴν
1119 1736 1222 1832 ἀρχὴν

89 1840 128 1910 22
143 1839 201 1912 οὐκ
230 1843 388 1943 ἐγένετο
388 1837 477 1927 αδτῶ
507 1833 616 1918 οδδείς
642 1839 769 1906 τούτων
795 1845 862 1907 τῶν
885 1845 1056 1928 συγγενῶν.
1102 1837 1221 1911 οὗκουν

142 1939 387 2034 ἐξάνάγκης’
369 1931 410 2032 ην
440 1937 529 2028 αδτῶ
559 1937 659 2009 ἄλλον
687 1942 763 2010 τινὰ
793 1943 1051 2031 ποιήσασθαιγ
1051 1936 1222 2013 ιᾶλλον”
1201 1971 1220 2033 η

143 2044 275 2114 άπαιδα
296 2047 494 2134 καταγηράν,
524 2037 639 2130 ῶσπερ
669 2037 766 2123 οὗτος
795 2037 888 2123 άξιοῖ
908 2049 977 2113 νυνί
1002 2040 1111 2113 αὐτόν.
1159 2047 1220 2134 ἐγῶ

142 2156 254 2217 τοίνυν
283 2148 414 2225 πάντας
442 2141 671 2268 [άγθρῶπους]
701 2136 741 2212 άν
770 2143 865 2230 οἶμαι
899 2143 1105 2236 ὁμολογῆσαι
1135 2145 1222 2233 ὑμᾶς

143 2247 189 2328 ῶς
213 2243 270 2317 οὒκ
294 2239 334 2315 δν
356 2247 585 2374 ποιησάμενος
608 2243 708 2314 ἄλλον
724 2247 959 2370 οίκειότερον’
945 2253 1025 2333 εμυῦ
1039 2245 1218 2338 ποιήσαιτ’

144 2347 193 2419 άν.
239 2349 380 2429 δειξάτω
401 2349 464 2437 γὰρ
487 2344 584 2427 οὗτος
604 2346 691 2473 δμῖγ.
738 2343 812 2415 ἀλλ’
839 2343 897 2416 υδκ
913 2377 953 2417 αν
968 2375 1053 2418 ποτε
1069 2351 1220 2420 δύναιτο·

142 2440 182 2541 ἦν
203 2452 265 2541 γὰρ
289 2447 399 2530 οὐδεὶς
421 2447 521 2529 ἄλλος
544 2450 698 2540 συγγενὴς
721 2445 812 2538 αέτηῦ
834 2451 923 2620 πλην
944 2452 1080 2521 τούτων.

83 2565 130 2621 '23
228 2548 390 2622 Ἀλλὰ
352 2580 408 2621 νυν
431 2548 528 2631 οὗτος
550 2551 717 2637 ἐπιτιμῶν
733 2545 823 2640 αδτῶ
838 2559 995 2643 φαίνεται
1015 2548 1073 2637 οδχ
1088 2549 1143 2623 δτι
1164 2555 1222 2625 τὸν

142 2656 215 2724 υίδν
231 2650 289 2723 οέκ
304 2654 488 2742 ἐποιήσατο
503 2653 561 2721 τδν
578 2651 688 2735 αὑτοῦ,
707 2648 781 2720 ἀλλ’
801 2618 854 2722 δτι
866 2655 905 2722 τὸ
922 2657 1088 2746 παράπαν
1104 2655 1222 2746 ἐποιή-

143 2781 225 2825 σατο
248 2759 304 2824 καί
327 2750 384 2823 οὔκ
407 2754 614 2843 ἐτελεύτησεν
637 2751 757 2837 ἄπαις,
787 2751 878 2823 τοῦτ’
910 2757 1000 2827 ἐστιν
1028 2757 1046 2825 3
1070 2757 1221 2849 ἐπιτιμᾷ,

144 2858 337 2948 ἐπίφθονον
360 2862 499 2946 πρᾶγμα
513 2859 568 2924 καὶ
585 2851 622 2924 03
639 2856 768 2924 δίκαιον
783 2862 910 2926 ποιῶν·
927 2855 1032 2926 ὄντων
1046 2858 1110 2948 γάρ
1134 2854 1222 2948 αδτῶ

143 2961 277 3027 παίδων
301 2958 415 3046 ἐκείνῳ
438 2954 511 3027 δντι
534 2955 656 3026 άπαιδι
677 2961 732 3026 καὶ
763 2953 935 3043 ἀτυχοῦντι
965 2968 1123 3050 φαίνεται
1146 2961 1221 3031 ἐπι-

92 3075 130 3131 24
144 3065 259 3147 τιμῶν.
304 3063 360 3128 καί
382 3068 454 3140 τοῖς
475 3061 535 3145 μὲν
558 3057 672 3140 ἄλλοις
695 3055 823 3129 άπασιν
851 3056 1050 3147 ἀνθρώποις
1076 3066 1134 3130 καί
1148 3056 1220 3133 Ἓλ-

145 3166 222 3254 λησι
243 3165 312 3230 καί·
320 3162 504 3251 βαρβάροις
527 3164 617 3231 δοκεῖ
636 3165 746 3241 καλῶς
775 3158 871 3242 οὗτος
900 3161 917 3231 3
949 3164 1051 3248 νόμος
1072 3171 1220 3246 κεῖσθαι,

144 3261 162 3332 3
185 3268 264 3353 περὶ
283 3267 342 3354 τῆς
356 3265 535 3353 ποιήσεως,
557 3269 613 3333 καὶ
630 3264 688 3333 διά
701 3270 799 3332 τοῦτο
813 3269 958 3354 χρῶνται
972 3266 1099 3345 πάντες
1114 3260 1219 3355 αὐτῷ·

211 3485 256 3540 20.
276 3489 291 3538 3
310 3485 431 3552 ἐπείσθη
443 3487 492 3540 del.
507 3487 583 3540 Schb.
601 3516 634 3525 —
654 3482 685 3539 δὲ
701 3485 785 3546 om.Q
804 3490 863 3539 ίεεί.
876 3486 928 3539 Mai
945 3515 979 3525 -
995 3490 1012 3540 4
1031 3484 1130 3541 ἶνοιαν
1141 3489 1164 3540 Δ
1175 3503 1220 3555 ρο,

144 3585 210 3623 corr.
225 3574 236 3622 1
256 3599 290 3609 -
307 3575 331 3624 3.
346 3575 359 3622 ί
373 3567 515 3638 τηλικαῦτ’
529 3569 599 3624 ὄντα
610 3571 683 3624 θυαε
701 3571 854 3636 τηνικαῦτα
870 3601 905 3610 -
924 3576 938 3624 ἵ
951 3571 1049 3642 ἐνῆγον
1061 3572 1090 3634 Q.
1143 3572 1188 3629 21.
1207 3575 1217 3624 l

145 3649 218 3705 δοκῶ
235 3652 259 3707 J.
273 3655 299 3708 G.
312 3653 403 3708 Orelli:
422 3656 509 3710 ποθῶ
526 3685 559 3694 -
575 3656 659 3708 τοῦτο
676 3654 697 3716 0
715 3685 750 3695 -
767 3661 782 3709 3
801 3648 857 3710 ἀπὸ
875 3656 924 3709 del.
944 3656 976 3709 δε
987 3672 1054 3723 meo,
1068 3653 1155 3710 αὐτὸν
1163 3656 1219 3709 Dbr.

144 3767 178 3777 -
195 3733 313 3811 πότεροι
330 3739 351 3801 ο
369 3769 403 3781 -
421 3745 436 3794 ι
455 3742 532 3793 σοι
549 3724 663 3801 σίτοιο
685 3769 718 3779 -
742 3744 755 3791 τ
775 3735 862 3794 τιστις
881 3734 956 3808 αὐτο
974 3741 995 3803 ο
1012 3746 1074 3796 τοι.
1091 3741 1152 3796 σε.

144 3821 189 3878 22.
209 3827 224 3877 3
242 3828 403 3898 κατηγορεῖν
419 3823 440 3885 0
459 3853 492 3862 -
510 3828 526 3877 4
544 3820 712 3895 ἀνθρώπους
730 3825 780 3880 δελ.
799 3824 846 3878 Bk.
871 3855 904 3866 -
923 3831 938 3880 5
956 3821 1102 3893 ἐποιήσατ’
1115 3825 1175 3879 Dbr.
1187 3853 1219 3863 -

144 3905 235 4046 Ξογδρ
259 3925 309 3963 om.
328 3907 349 3968 0
367 3938 401 3949 -
417 3903 495 3975 αὐτῷ
513 3909 565 3960 νῦν
582 3907 612 3969 0.
681 3908 726 3966 28.
746 3915 760 3964 5
779 3905 876 3964 άπαιδι
894 3907 954 3964 ὄντι
971 3910 1000 3973 Ο.
1079 3909 1125 3966 24.
1144 3913 1159 3965 2
1176 3929 1219 3962 ιτα-

165 3989 190 4045 .ς
207 3992 227 4053 Q
