2626 4476
145 245 185 306 30
628 244 736 299 ΙΣΑΙΟΥ
1156 259 1197 301 σε.
1209 258 1228 300 ε

144 411 392 503 ῶμολογηκύτες
415 413 482 481 εἰσὶ
503 417 619 480 ταῦτα.
663 406 862 490 άκούσαντες
877 412 984 478 δὲκαὶ
1002 407 1099 495 ύμεῖς
1115 405 1229 480 αύτῶν

144 520 211 584 τῶν
225 519 424 604 μαρτυριῶν,
447 515 619 602 γνώσεσθε
634 511 681 593 ῶς
696 509 792 593 ούτύς
814 539 851 581 τε
868 516 1064 601 περιφανῶς
1078 512 1124 580 τά
1140 525 1227 598 ψευ-
1264 506 1266 531 ¹

146 619 187 704 (λη’
209 614 444 705 μεμαρτύρηκε,
467 618 524 683 καὶ
545 610 660 705 ὀρθῶς
680 619 735 685 καὶ
750 615 835 682 κατὰ
850 613 927 694 τούς
942 614 1063 699 νόμους
1079 615 1115 681 οί
1130 613 1227 683 δικά-

146 741 262 796 σαντες
283 717 343 806 τήν
365 719 457 807 δίκην
480 718 626 805 ύγνωσαν
647 716 707 805 τήν
728 719 948 806 κληρονομίαν
970 716 1015 805 μὴ
1042 716 1226 807 προσήκειν

145 824 186 908 τῇ
212 819 256 907 μή
287 814 403 908 ὀρθῶς
429 824 623 909 γεγενημένῃ
652 826 791 906 γυναικί.
836 813 1092 905 Ἀναγίγνωσκε·
1121 817 1163 886 σύ
1191 812 1222 886 δ’

145 921 286 1008 ίπίλαβε
307 921 345 989 τὸ
368 915 469 1009 ύύωρ.
571 1008 792 1063 MAPTYHAI

93 1100 128 1156 13
228 1086 283 1170 Ὡς
310 1092 370 1175 μέν
399 1090 515 1178 ἑταίρα
543 1077 582 1179 ήν
610 1093 659 1176 τῶ
685 1091 877 1177 βουλομένην
905 1093 962 1158 καλ
991 1083 1029 1158 ού
1057 1089 1138 1178 γυνή
1167 1093 1225 1159 τού

145 1188 304 1280 ήμετέρου
327 1198 442 1274 θείου,
468 1191 508 1279 ἣν
531 1187 628 1271 οὗτος
651 1189 805 1279 ἐγγυῆσαι
828 1190 941 1279 ἐκείνην
963 1191 1223 1282 μεμαρτύρηκεν,

145 1290 212 1361 ύπὸ
234 1298 301 1361 τῶν
324 1290 438 1361 άλλων.
455 1293 587 1362 οἰκείων
608 1296 664 1360 καὶ
679 1289 746 1360 ὑπὸ
761 1298 829 1361 τῶν
843 1293 1000 1380 γειτόνων
1014 1297 1081 1362 τῶν
1097 1292 1222 1363 ἐκείνου

145 1395 394 1486 μεμαρτύρηται
416 1395 502 1484 πρὸς
523 1392 625 1481 ὑμᾶς·
650 1399 682 1462 οἳ
703 1394 812 1480 μάχας
833 1399 890 1465 καί
903 1395 1034 1480 κώμους
1050 1399 1109 1463 καὶ
1125 1389 1222 1464 ἇσέλ-

145 1522 237 1585 γειαν
266 1496 410 1586 πολλήν,
440 1494 546 1565 ὁπότε
572 1495 592 1588 ή
621 1498 740 1566 τούτου
770 1492 897 1586 ἀδελφὴ
929 1498 979 1587 ε’ίη
1010 1490 1093 1584 παρ’
1122 1490 1221 1585 αύτηῖ,

94 1613 129 1668 14
145 1599 435 1688 μεμαρτυρήκασιν
456 1606 633 1687 γίγνεσθαι
654 1604 734 1688 περί
757 1594 867 1688 αύτης.
911 1607 1021 1669 καίτοι
1044 1593 1081 1667 ού
1098 1599 1139 1688 δή
1155 1598 1221 1667 πού

143 1726 181 1789 γε
203 1700 262 1768 ἐπὶ
283 1700 428 1788 γαμετάς
448 1715 603 1787 γυναῖκας
627 1696 739 1781 αύδεὶς
761 1693 801 1769 άν
822 1701 986 1786 κωμάζειν
1007 1701 1220 1790 τολμήσειεν·

146 1795 223 1868 οὐδὲ
247 1803 282 1868 αἱ
303 1805 446 1888 γαμεταὶ
466 1817 616 1888 γυναῖκες
637 1802 789 1892 ἔρχονται
809 1803 894 1890 μετὰ
922 1807 988 1870 τῶν
1011 1796 1142 1891 ἀνδρῶν
1165 1802 1221 1870 ἐπὶ

145 1901 187 1969 τά
211 1902 341 1984 δεῖπνα,
365 1897 441 1971 ούδὲ
464 1904 672 1972 συνδειπνεῖν
696 1899 828 1984 άξιούσι
841 1905 926 1991 μετὰ
941 1909 1008 1972 τῶν
1026 1899 1220 1994 άλλοτρίονν,

145 2007 327 2073 καὶταῦτα
349 2004 522 2089 μετὰτῶν
544 2005 776 2090 ἐπιτυχόντων.
821 2001 906 2074 άλλὰ
936 2005 1001 2095 μὴν
1028 2010 1078 2092 τῷ
1104 2031 1144 2094 γε
1163 2031 1221 2092 με

144 2105 368 2196 μαρτυρηκύτι
391 2100 463 2174 οὐδ’
490 2105 754 2195 ἐπισκήψασθαι
776 2102 869 2176 ούτοι
883 2101 1041 2195 ήξίωσαν.
1084 2103 1221 2186 Καλῶς

147 2202 260 2299 άληθή
283 2209 377 2295 λέγω,
401 2202 624 2295 ἀναγίγνωσκε
645 2210 760 2278 πάλιν
774 2202 887 2289 αύτοῖς
909 2207 969 2299 τὴν
990 2215 1190 2297 μαρτυρίαν.

576 2347 792 2400 ΜΑΡΤΥΡΙΑ.

94 2443 129 2497 15
242 2421 423 2514 Ἀνάγνωθι
445 2426 484 2516 δή
508 2431 564 2495 καὶ
585 2426 647 2506 τὰς
667 2430 749 2516 περὶ
769 2432 836 2495 τῶν
858 2428 1122 2518 πλησιασάντων
1142 2423 1223 2517 αύτῇ

145 2537 339 2616 μαρτυρίας,
362 2531 418 2599 ἵνα
442 2529 577 2598 εἰδῶσιν
600 2522 654 2597 ὅτι
677 2528 793 2615 ἑταίρα
813 2554 851 2596 τε
872 2517 912 2618 ήν
934 2534 994 2597 τού
1009 2532 1222 2617 βουλομένω,

145 2634 201 2699 καὶ
231 2625 284 2700 ὅτι
313 2625 385 2701 ούό’
419 2631 455 2710 ἐξ
482 2630 555 2709 ἑνὸς
584 2626 686 2696 άλλου
717 2637 875 2718 φαίνεται
896 2635 1047 2699 τεκοῦσα.
1091 2626 1223 2720 Ἅναγί-

145 2756 270 2819 γνωσκε
293 2727 416 2810 αύτοῑς.

570 2819 798 2872 ΜΑΡΊὙΡΙΑΙ.

95 2917 130 2972 16
229 2897 283 2980 Ὡς
304 2901 364 2985 μὲν
386 2906 498 2967 τοίνυν
519 2887 559 2990 ήν
580 2900 672 2989 κοινή
695 2905 743 2988 τηῖ
763 2906 966 2991 βουλομένην,
988 2901 1028 2991 ἣν
1050 2896 1150 2982 οὗτος
1172 2902 1223 2992 έγἸ

145 3008 267 3092 γοησαι
287 3006 336 3089 τηῖ
361 2997 510 3091 ἡμετέρην
540 3007 627 3089 θείην
653 3002 896 3092 μεμαρτύρηκε,
924 3003 1142 3093 μνημονεύειν
1161 3002 1221 3094 χρή

146 3099 207 3194 ὑφ’
234 3097 322 3172 ὅσων
344 3099 421 3189 ύμῖν
442 3104 702 3194 μεμαρτύρηται,
725 3107 782 3172 καὶ
805 3097 858 3171 ὅτι
872 3098 983 3173 ούύενὶ
1001 3101 1092 3195 άλληι
1108 3105 1222 3197 ἐγγυη-

147 3211 251 3274 θεῖσα
273 3199 349 3272 οὐδὲ
373 3205 595 3296 συνοικήσασα
619 3213 792 3296 φαίνεται·
819 3206 1029 3294 σκεψώμεθα
1051 3207 1166 3276 δὲκαὶ
1189 3207 1224 3287 ἐξ

148 3299 194 3374 ῶν
217 3301 257 3374 άν
279 3332 330 3386 τις
345 3303 563 3396 ύπονοήσειεν
580 3305 694 3396 ἐγγύην
709 3311 869 3393 γενέσθαι
884 3308 1040 3398 τοιαύτης
1056 3309 1221 3396 γυναικός,

94 3428 126 3481 17
148 3407 178 3476 εἰ
201 3403 266 3497 άρα
287 3412 344 3477 καὶ
364 3413 413 3496 τῶ
430 3405 579 3497 ἡμετέρην
595 3413 683 3495 θείην
698 3407 849 3475 τοιούτύν
864 3436 897 3477 τι
913 3415 1126 3499 συμβέβηκεν.
1160 3407 1220 3500 ήύη

145 3509 207 3598 γάρ
229 3535 316 3590 τινες
339 3515 408 3578 νέοι
431 3506 613 3596 άνθρωπον
635 3508 905 3599 ἐπιθυμήσαντες
927 3511 1088 3582 τοιούτων
1104 3539 1221 3613 γυναι·

233 3735 247 3782 ’ί
265 3734 429 3802 γεγενημένη
465 3747 511 3800 pr„
529 3751 545 3785 ν
563 3737 624 3799 post
639 3750 719 3804 γεγεν
736 3748 757 3788 s.
768 3737 819 3787 ν.2
837 3764 872 3775 -
896 3740 911 3790 8
929 3731 1073 3804 ἐπιβάλλει
1092 3750 1143 3789 ειῐι.
1162 3736 1221 3789 Son·

146 3817 211 3882 liger
228 3844 262 3854 -
280 3820 296 3868 9
314 3817 353 3869 tit.
370 3821 519 3886 μαρτυρίαι
538 3832 587 3872 em.
605 3816 668 3872 Rsk.
719 3815 762 3874 18.
781 3821 796 3871 2
813 3812 912 3875 ούτο.ε
928 3837 975 3888 pn,
994 3837 1058 3874 corr.
1077 3823 1093 3874 2
1112 3851 1145 3860 -
1163 3825 1180 3875 4
1196 3817 1223 3872 οἳ

146 3915 210 3953 corr.
223 3902 245 3962 1,
264 3892 288 3952 .“.
306 3916 343 3967 pr.
412 3900 455 3955 14.
474 3906 538 3970 5sq.
555 3901 616 3956 τῶν
626 3921 657 3974 γε
667 3902 915 3975 μεμαρτυρηκότων
928 3899 1020 3958 οὐδενὶ
1038 3905 1107 3972 Dbr„
1125 3906 1155 3959 11
1167 3907 1222 3959 τοῒε

144 4002 176 4056 γε
192 3980 427 4056 μεμαρτυρηκόσιν
444 3980 505 4038 οὐδ’
575 3986 618 4043 15.
638 3991 653 4042 5
672 3988 710 4042 tit.
727 3992 876 4061 μαρτυρίαι
896 4005 944 4043 em.
963 3989 1021 4046 Ald.
