2626 4476
142 235 161 296 8
630 235 739 290 umor
1149 254 1185 295 or.
1202 255 1222 295 1.

88 417 127 474 2⁰
142 399 233 474 οὗτοι
266 407 495 494 κατηγοροῦσι.
546 410 598 482 τίς
629 403 691 493 χὰρ
726 393 766 470 όν
798 409 926 490 γένοιτο
959 403 1081 492 ταύτης
1113 411 1222 488 μανία

139 507 269 593 μείζων,
291 497 314 594 ή
336 506 412 574 τότε
433 506 494 590 μὲν
517 498 574 573 ότε
587 512 709 594 Δεινίᾳ
732 504 895 595 διάφορος
918 495 965 573 τόν
988 504 1107 589 ἐ’τυχεν,
1130 501 1222 594 ἡμᾶς

138 613 247 688 κακῶς
268 622 380 676 ποιεῖν
403 633 439 674 τε
460 611 517 674 καί
546 608 771 675 διατίθεσθαι
798 607 958 687 τοιαύτας
984 607 1159 695 διαθήκας,
1184 607 1223 688 ἐξ

140 704 187 778 ὦν
210 704 269 778 οὐκ
285 708 407 778 ἐκεῖνον
430 709 625 797 ἐτιμωρεῖτο
649 704 734 776 ἀλλὰ
756 708 834 788 τούς
855 709 1080 788 οἰκειοτάτους
1094 704 1218 798 ήδίκει·

141 839 212 880 νυνι
201 812 263 878 δὲ
275 812 446 900 χριόμενος
459 807 538 900 ἡμῖν
554 814 610 879 καὶ
624 836 705 898 περι
693 813 801 878 πλεί
787 817 881 879 ίστου
891 811 1092 896 ποιούμενος
1108 807 1221 878 ἁπόν-

139 939 216 997 των,
238 914 360 1000 μόνους
383 912 550 1034 ἐβουλήθη
572 912 651 992 τούς
673 908 945 1002 όιδελφιδούς,ε
919 939 965 992 ως
988 907 1081 981 οὗτοί
1103 936 1222 1034 φασιν,

141 1010 301 1106 όικλήρους
323 1041 466 1134 ποιησαι
487 1019 553 1082 τῶν
577 1015 712 1100 ἑαυτούς
740 1019 797 1083 καὶ
821 1022 874 1094 τίς
896 1043 936 1083 αν
959 1002 994 1083 εύ
1018 1019 1221 1105 φρονῶν,ω

88 1127 125 1183 21
143 1114 274 1206 ανδρες,
303 1121 444 1186 τοιαῦτα
472 1120 552 1206 περὶ
578 1121 645 1185 τῶν
675 1114 776 1185 αύτοῦ
802 1117 1036 1203 βουλεύσαιτο,·
1070 1110 1151 1184 ὥστ’
1186 1117 1222 1184 ἐκ

140 1220 266 1288 τούτων
288 1223 355 1286 ταῖν
378 1219 484 1307 λόχων
506 1220 625 1308 ῥᾳδίαν
646 1217 725 1304 ύμῖν
739 1219 799 1308 τὴν
814 1219 993 1307 διόχνωσιν
1010 1219 1222 1308 πεποιήκασι

141 1324 222 1409 περὶ
244 1317 363 1389 αύτῶν.
408 1321 439 1389 εἰ
460 1322 520 1407 μὲν
535 1321 598 1409 χὰρ
615 1315 742 1390 ἀνελεῖν
757 1321 818 1401 τὰς
837 1321 1004 1410 διαθήκας
1017 1321 1223 1407 βουλόμενος

125 1413 374 1509 7μετεπέμπετο
396 1423 456 1511 τὴν
474 1417 584 1512 όρχήν,
608 1418 723 1508 ὥσπερ
738 1421 835 1512 ἡμεῖς
851 1448 971 1513 φαμεν,
988 1417 1098 1502 οόδείς
1112 1422 1223 1492 ἐ’νεστι

140 1525 272 1605 τούτοις
294 1525 407 1614 λόχος·
431 1525 461 1593 εί
477 1519 510 1592 δ’
530 1518 635 1605 ούτως
650 1530 880 1616 παραφρονῶν
895 1525 1005 1608 ’έτυχεν
1024 1517 1115 1592 ὥσθ’
1133 1522 1224 1613 ἡμᾶς

141 1630 221 1714 περὶ
250 1627 423 1712 ἐλαχίστου
451 1633 649 1711 ποιεῖσθαι,
683 1627 761 1707 τούς
788 1633 875 1715 μένει
903 1627 1137 1716 πρωτεύοντας
1164 1630 1223 1694 καὶ

139 1734 328 1817 χρωμένους
356 1723 447 1816 αύτῷ
474 1729 612 1798 πάντων
641 1729 847 1811 οἰκειότατα,
878 1730 1014 1807 δικαίως
1043 1719 1084 1796 όν
1113 1728 1223 1818 δήπου

142 1830 203 1910 τὰς
224 1830 383 1908 τοιαύτας
404 1831 572 1920 διαθήκας
594 1825 733 1920 όικύρους
755 1831 945 1919 ποιήσαιτε.

91 1935 129 1993 22
223 1928 293 2001 Ἔτι
306 1941 418 2001 τοίνυν
434 1930 640 2018 ἐνθυμεῖσθε
655 1927 708 2002 ότι
724 1934 908 2022 φάσκοντες
923 1936 1034 2001 καλεῖν
1048 1933 1108 2021 τήν
1121 1927 1224 2023 όιρχήν

142 2036 354 2121 Κλεώνυμον,
376 2037 433 2104 ἵνα
454 2036 624 2124 βεβαιώσῃ
646 2035 706 2103 τίν
722 2033 831 2104 αύτῶν
847 2037 985 2126 δωρεάν,
1006 2038 1224 2125 προσταχθέν

145 2133 258 2218 αύτοῖς
281 2133 339 2206 ούκ
361 2137 549 2228 ἐτόλμησαν
572 2138 775 2226 είσαχαχεῖν,
804 2132 889 2205 όιλλὰ
917 2141 972 2206 καί
995 2137 1054 2206 τόν
1077 2137 1224 2206 ἐλθόντα

144 2245 210 2308 τῶν
234 2234 402 2329 όιρχόντων
424 2239 483 2308 ἐπὶ
504 2240 564 2329 τήν
586 2240 696 2328 θύραν
713 2234 933 2327 ἀπέπεμψαν.
971 2244 1027 2309 καὶ
1043 2241 1135 2308 δυοῖν
1150 2256 1224 2309 τοῖν

146 2340 400 2410 ἐναντιωτάτοιν
421 2342 553 2431 θάτερα
574 2344 766 2427 μέλλοντες,
793 2332 816 2431 ἢ
837 2341 897 2430 τὴν
920 2337 1038 2411 ούσίυιν
1060 2335 1144 2421 ἕξειν
1165 2349 1224 2429 βε-

144 2448 322 2533 βαιοτέραν
354 2434 376 2531 ἢ
404 2443 508 2512 ἐκεῖνο
535 2444 582 2532 μὴ
615 2444 819 2533 ποιήσαντες
852 2438 1129 2533 ἀπεχθήσεσθαι,
1163 2443 1224 2533 τὴν

60 2570 64 2579 ’
92 2553 131 2612 28
149 2541 337 2632 όιπέχθειαν
358 2548 486 2615 εἵλοντο
499 2548 626 2632 μᾶλλον
640 2547 761 2635 ταύτης
774 2550 833 2634 τῆς
854 2547 990 2634 δωρεᾶς.
1023 2552 1134 2614 καίτοι
1148 2551 1225 2626 πῶς

147 2641 187 2719 όν
210 2651 305 2739 ἕτερα
326 2649 452 2717 τούτων
474 2654 603 2735 γένοιτο
627 2641 853 2736 ἀπιστότερα,
873 2647 952 2727 τούς
966 2649 1027 2733 μὲν
1041 2651 1224 2738 τηλικαῦτα

145 2753 326 2837 μέλλοντας
348 2748 383 2817 ἐκ
403 2753 464 2817 τού
485 2748 682 2837 πράγματος
703 2750 895 2838 κερδαίνειν,
919 2742 1036 2838 ὥσπερ
1050 2749 1224 2840 ζημιωθη-

147 2857 317 2938 σομένους,
340 2850 560 2940 φυλάξασθαι
581 2849 641 2939 τὴν
664 2852 844 2933 διακονίαν,
867 2851 1067 2937 Κλεώνυμον
1086 2845 1119 2918 δ’
1137 2849 1224 2941 ὑπὲρ

146 2957 204 3042 τῆς
225 2953 352 3020 τούτων
374 2945 541 3040 α’,φελείας
555 2951 718 3041 τοσαύτην
732 2952 949 3041 ποιήσασθαι
972 2953 1121 3041 σπουδὴν
1137 2947 1225 3021 ὥστε

146 3056 291 3125 Ποσειδί
279 3063 376 3142 ίππῳ
392 3047 500 3140 μέν,”
481 3080 535 3122 οτι
548 3057 783 3178 κατημέλησεν,
807 3049 1019 3143 όρχισθήναι,
1041 3058 1226 3136 Διοκλέους

150 3159 187 3226 δέ
209 3151 314 3224 ταύτὰ
337 3155 495 3224 πόλιν’
465 3181 512 3234 εις
534 3154 594 3242 τὴν
615 3152 794 3282 ὑστεραίαν
817 3157 996 3325 δίεηθήναω

95 3265 134 3323 24
234 3258 275 3325 Εἰ
297 3256 359 3346 γὰρ
383 3244 492 3345 δή,
467 3283 492 3322 ω
517 3253 703 3346 όίνδρες,ί
678 3284 724 3337 ως
750 3252 843 3325 οὗτοί
865 3281 984 3347 φασιν,
1014 3258 1049 3325 ἐν
1069 3273 1145 3338 ταῖς
1167 3264 1226 3327 νύν

215 3475 260 3534 20.
280 3482 292 3532 1
312 3477 449 3544 μανίαις)
473 3480 542 3545 (test.
560 3478 608 3531 Bk.
626 3479 653 3531 in
664 3477 733 3542 add.)
749 3505 782 3517 -
801 3471 883 3530 mv:
901 3464 935 3544 ἦν
953 3478 1047 3539 0-4
1065 3479 1226 3550 ἐτιμωρεῖτο

147 3565 234 3632 Αρτ,
252 3579 315 3616 corr.
337 3568 347 3616 Ι
374 3591 407 3602 -
431 3567 445 3616 5
465 3562 600 3616 dicendum
618 3562 668 3616 ruit
692 3558 834 3634 χριόμενον
851 3568 878 3615 et
901 3557 1066 3630 ποιούμενον
1084 3567 1110 3614 et
1126 3560 1224 3629 βουλη-

147 3649 236 3714 θῆναι
253 3646 315 3700 Rsk.
397 3645 439 3702 21.
458 3651 473 3700 2
491 3642 568 3715 ἡμῖνι
588 3663 635 3700 em.
654 3648 711 3700 Ald.
734 3677 768 3687 -
786 3652 801 3701 3
819 3644 884 3718 χὰρε
903 3635 951 3700 ούν
968 3649 990 3700 Α
1008 3664 1056 3714 pn,
1074 3663 1137 3700 corr.
1158 3653 1170 3701 1
1190 3677 1225 3686 -

148 3739 164 3789 5
181 3728 313 3786 τοιούτοις
325 3730 345 3792 Q
357 3759 390 3771 —
409 3723 573 3799 551'Apr„
592 3736 680 3786 coml
698 3761 729 3770 -
749 3725 791 3783 ἀεὶ
808 3737 868 3799 post
884 3727 952 3799 ἡμᾶς
970 3732 1027 3785 add.
1040 3732 1062 3783 Α
1078 3761 1114 3771 -
1131 3736 1146 3785 6
1165 3749 1225 3786 ποι-

147 3817 222 3879 εῖνΟ
239 3847 271 3856 -
291 3820 311 3871 8·
325 3811 454 3883 ποιήσητε
464 3816 494 3879 Α,
512 3814 637 3882 ποιήσετε
651 3815 684 3877 Q:
703 3831 751 3869 em.
764 3816 811 3870 Bk.
874 3814 920 3870 θλ.
939 3820 954 3870 2
970 3813 1021 3870 τόν
1033 3813 1224 3884 κλεόνυμονθ

147 3931 182 3944 -
200 3907 215 3957 5
234 3907 293 3954 ante
311 3902 362 3968 τήν
378 3897 475 3954 ούσίαν
487 3901 515 3955 ft.
529 3900 610 3954 excid.
627 3897 679 3966 τὴν
696 3895 782 3972 ἀρχήν
798 3896 988 3972 εἰσαγαγόντες
1000 3930 1032 3940 -
1051 3903 1176 3956 6έκιίνοι
1194 3900 1224 3962 Q.

216 3983 263 4041 28.
281 3988 293 4037 7
312 3980 400 4039 ταύτὰ
419 3986 493 4039 (ἶσοι
510 3984 600 4038 ταῦτα
616 4014 651 4024 -
669 3986 695 4037 ίε
711 3985 741 4039 Α.
