2626 4476
62 278 84 322 p.
98 269 131 312 εν.
163 247 165 250 ’
307 253 384 306 ΠΕΡΙ
400 252 465 305 ΤΟΥ
482 252 744 308 ΦΙΛΟΚΤΗΜΟΝΟΣ
761 254 898 307 ΚΔΗΡΟΥ.
1102 252 1142 313 79

62 420 108 510 μή
131 426 333 509 παρεγένετο
349 414 424 488 ἀλλ’
442 417 563 510 ήκουσέ
582 448 682 504 τινος,
707 416 809 511 ἀκοήν
830 438 1024 512 μαρτυρεῖν·
1048 422 1088 491 οδ
1106 419 1137 490 δ’
1153 435 1193 493 54

63 517 102 590 σά
125 524 396 610 παραγενόμενος
418 524 598 614 διαρρήδην
618 525 870 615 μεμαρτύρηκας
884 520 931 604 ὥς
946 519 985 593 οά
1008 525 1142 593 διέθετο

64 624 296 712 Φιλυκτήμων,
320 618 395 691 ἀλλ’
414 620 520 704 ἀπαις
543 625 743 715 ἐτελεύτησε.
782 633 892 694 καίτοι
914 631 990 706 πῶς
1012 626 1085 694 οἶόν
1107 651 1143 694 τε

62 727 199 808 εἰδέναι,
223 712 250 791 ὦ
274 721 411 815 ἀνδρεςς
433 720 551 812 ὅμοιον
572 726 636 815 γὰρ
659 720 773 816 ὥσπερ
790 719 830 795 ἀν
846 729 876 796 εί
899 735 984 817 φαίη
1007 729 1141 810 εἰδέναι,

60 827 184 916 καὶμὴ
208 828 494 916 παραγενόμενος,
524 823 589 896 ὅσα
616 825 712 914 ὑμεῖς
732 829 856 908 πάντες
883 831 1057 918 πράττετε.
1103 823 1141 897 οὗ

61 929 126 1018 γάρ
149 928 309 1020 δήτοῦτό
331 957 369 1020 γε
390 930 467 1019 έρεῑ,
489 937 612 1016 καίπερ
635 925 850 1015 ἀναίσχυντος
872 927 929 1017 ὤν,
959 928 1005 1010 ὥς
1032 924 1142 1000 άπασι

62 1037 264 1121 παρεγένετο
285 1037 342 1100 καὶ
365 1027 473 1100 πάντ’
499 1029 589 1100 σίδεν
611 1025 675 1099 ὅσα
700 1033 920 1121 Φιλοκτήμων
950 1032 984 1100 ἐν
1005 1036 1055 1120 τῷ
1075 1038 1140 1121 βίην

61 1133 278 1220 διεπράξατο.
319 1135 456 1201 πάντων
476 1132 540 1220 γὰρ
564 1128 664 1200 αὐτὸν
686 1132 809 1213 ἐκεῖνος
831 1135 988 1218 ἔχθιστον
1010 1134 1191 1219 ένόμιζεόἀ

62 1235 120 1302 διά
144 1238 208 1322 (τε)
228 1235 288 1324 τήν
304 1232 406 1326 ἀλλην
429 1241 602 1324 πονηρίαν,
624 1237 681 1301 καὶ
703 1236 792 1303 διότι
813 1240 879 1303 τῶν
901 1241 1064 1323 συγγενῶν
1078 1236 1141 1321 μό-

61 1361 119 1416 νος
133 1336 217 1422 μετὰ
231 1343 291 1426 τῆς
308 1331 425 1427 Ἀλκῆς
447 1336 572 1425 ἐκείνης
586 1337 693 1424 τούτῳ
707 1340 764 1404 καὶ
778 1352 850 1416 τοῖς
865 1333 981 1416 ἀλλοις
1004 1361 1140 1406 συνεπιε

60 1439 244 1524 βουλεύσας
277 1454 350 1516 τοῖς
383 1443 443 1505 τοῦ
478 1431 687 1525 Εὐκτήμονος
718 1439 866 1527 χρήμασι
898 1444 1038 1506 τοιαῦτα
1072 1441 1140 1506 διε-

61 1540 227 1628 πράξατο,
251 1541 307 1608 οίά
328 1565 394 1627 περ
415 1537 492 1624 ὑμῖν
516 1533 688 1618 ἀπέδειξα.

142 1641 293 1709 Πάντων
320 1643 357 1710 δέ
384 1641 532 1726 μάλιστα
560 1635 787 1730 ἀγανακτῆσαί
813 1641 904 1709 ἐστιν
926 1637 1029 1722 ἀξιον,
1056 1635 1136 1709 ὅταν
1146 1652 1190 1708 25⁶

62 1737 158 1811 οὗτοι
185 1747 412 1831 καταχρῶνται
445 1744 505 1830 [τῴ
535 1736 746 1831 Εὐκτήμονος
779 1738 932 1828 ὀνόματι]
965 1747 1013 1830 τῷ
1045 1744 1140 1811 τουδὶ

60 1845 209 1933 πάππῳ.
256 1845 286 1912 εί
305 1845 378 1934 γάρ,
402 1842 449 1924 ὥς
471 1840 565 1913 οὗτοι
586 1847 733 1931 λέγουσι,
760 1849 808 1932 τηῖ
828 1846 890 1929 μέν
914 1845 1140 1933 Φιλοκτήμονι

59 1945 105 2034 μή
135 1945 209 2035 έξήν
233 1947 438 2030 διαθέσθαι,
467 1951 527 2014 τοῦ
554 1941 584 2013 δ’
612 1941 821 2034 Εάκτήμσνός
850 1946 941 2013 ἐστιν
970 1943 1138 2035 ὁκληρυς,

60 2047 207 2134 πότερον
223 2048 430 2137 δικαιότερον
447 2053 514 2118 τῶν
529 2042 739 2137 Εὐκτήμονος
753 2052 967 2138 κληρονομεῖν
982 2046 1043 2125 τὰς
1060 2045 1140 2115 έκεί-

60 2175 120 2216 νου
134 2154 332 2238 θυγατέρας,
355 2146 628 2238 ὁμολογουμένως
644 2146 746 2228 οὔσας
766 2157 911 2241 γνησίας,
932 2151 936 2235 Ι
955 2151 1012 2215 καὶ
1027 2145 1138 2236 [ἡμᾶς]

59 2246 140 2328 ταδς
162 2248 197 2316 έκ
216 2251 344 2318 τούτων
364 2253 549 2338 γεγονότας,
571 2243 593 2341 ή
614 2251 693 2331 τοὺς
715 2249 811 2320 οὐδὲν
836 2247 1083 2341 προσήκονταςς
1105 2254 1138 2318 οἳ
1154 2269 1190 2324 57

59 2345 101 2418 οὗ
123 2352 226 2437 μόνον
246 2349 307 2444 ἀφ’
332 2351 429 2443 ήμῶν
451 2352 647 2441 ἐλέγχονται,
671 2349 833 2422 ἀλλὰκαὶ
856 2353 893 2432 ἐξ
916 2348 963 2419 ὦν
986 2347 1082 2420 αάτοί
1104 2354 1138 2420 οἱ

57 2452 244 2542 έπίτρυποι
266 2455 557 2542 διαπεπραγμένοι
580 2457 656 2524 εἰσί.
699 2461 797 2524 τοῦτο
819 2454 882 2543 γάρ
903 2450 996 2538 ὑμῶν
1019 2455 1138 2539 δέομαι

58 2559 115 2622 καὶ
146 2556 282 2624 ἱκετεύω
311 2558 446 2648 σφόδρα
474 2560 684 2645 μεμνῆσθαι,
707 2545 734 2624 ὦ
758 2546 890 2644 ἀνδρες,
919 2549 1005 2642 ὅπερ
1034 2549 1136 2642 ὀλίγῳ

59 2658 225 2746 πρότερον
248 2653 412 2738 ἀπέδειξα
433 2656 520 2743 ὑμῖν,
543 2652 597 2726 δτι
615 2653 811 2747 Ἀνδροκλῆς
834 2654 949 2724 οὑτοσὶ
971 2660 1055 2746 φησί
1076 2658 1137 2740 μέν

59 2755 146 2826 εἶναι
175 2759 361 2849 ἐπίτροπος
391 2755 500 2828 αὐτῶν
527 2756 574 2838 ὥς
608 2756 714 2828 ὄντων
745 2767 889 2848 γνησίων
918 2752 1136 2846 Εὐκτήμονος,

58 2861 169 2950 είληχε
191 2854 227 2927 δ’
253 2855 353 2940 αὐτὸς
376 2855 462 2951 [ἐφ’]
484 2861 594 2948 ἑαυτῷ
621 2867 682 2931 τοῦ
704 2857 912 2950 Εὐκτήμονος
939 2860 1058 2948 κλήρου
1079 2863 1137 2926 καὶ

57 2965 117 3050 τής
138 2961 310 3049 θυγατρὸς
333 2956 434 3030 αὐτοῦ
455 2959 502 3041 αἱς
526 2959 634 3053 οάσης
649 2964 843 3052 ἐπικλήρου·
871 2965 928 3029 καί
951 2965 1056 3028 ταῦτα
1077 2987 1136 3046 με·

57 3062 265 3153 μαρτύρηται
286 3059 374 3148 ὑμῖν.
418 3071 528 3133 καίτοι
549 3069 625 3144 πῶς
649 3061 687 3133 οὗ
712 3065 830 3147 δεινόν,
854 3050 881 3130 ὦ
900 3059 1025 3151 ἀνδρες,
1048 3061 1185 3149 πρδςῖε

57 3167 150 3233 θεῶν
168 3158 372 3250 Ὀλυμπίων,
396 3165 425 3232 εί
447 3167 508 3250 μὲν
530 3169 563 3233 σί
585 3169 706 3246 παῖδές
728 3167 795 3235 τίοι
815 3165 955 3254 γνήσιοι,
978 3164 1037 3232 τὸν
1054 3163 1135 3231 έπέ-

56 3290 185 3354 τροπσν
207 3265 316 3352 ἑαυτῷ
338 3267 510 3353 λαγχάνειν
537 3271 598 3335 τοῦ
620 3263 828 3358 Εὐκτήμονος
848 3267 969 3356 κλήρου
996 3268 1052 3332 καὶ
1077 3270 1136 3354 τῆς

143 3490 159 3539 6
176 3491 309 3558 μαρτυρεῖ
325 3504 371 3555 pn,
389 3503 451 3541 corr.
471 3492 495 3541 2.
563 3489 609 3544 55.
628 3493 642 3542 2
661 3509 691 3542 τε
709 3490 766 3542 add.
782 3489 840 3541 Ald.
859 3518 891 3526 -
910 3491 925 3540 3
944 3486 973 3539 ft.
991 3485 1032 3552 τῷ
1048 3481 1134 3538 Ἀντι-

57 3567 140 3643 δώρῳ
158 3570 215 3622 εδδ.
234 3576 294 3624 ante
306 3571 405 3637 τούτῳ,
424 3573 581 3638 cogitatione
599 3574 665 3641 sppl.
679 3573 818 3626 Meutzner.
887 3572 932 3627 56.
952 3571 1026 3624 ῖτῶ
1044 3563 1135 3636 κάκτή-

56 3669 138 3720 pom
153 3649 270 3723 ὀνόματι
288 3657 314 3709 in
335 3672 386 3724 mg.
404 3656 523 3709 inferiore
541 3657 599 3710 add.
619 3662 646 3711 1:
665 3658 715 3709 del.
733 3657 765 3709 de
782 3673 841 3710 meo
859 3687 892 3696 -
916 3661 940 3710 2.
959 3655 1039 3709 3τοῦ
1057 3651 1135 3708 τουδί

57 3733 174 3793 πάππου
191 3738 252 3792 ask.
271 3768 305 3780 -—
328 3737 632 3812 6ήμᾶεδε1.δε·ιυεο.
716 3741 760 3797 57.
779 3745 794 3794 2
812 3737 860 3812 ἔφ’
880 3742 941 3796 Bk:
959 3739 990 3802 εξ
1013 3769 1045 3780 -
1068 3739 1096 3793 οἱ
1113 3756 1133 3793 ε

56 3826 109 3877 v.2
126 3852 160 3864 -
181 3823 238 3892 δή.
251 3818 344 3877 οὑτοσὶ
356 3826 381 3877 in
395 3840 447 3892 mg.
459 3829 486 3877 et
504 3826 529 3894 Ἰ.
547 3829 606 3878 ουλε
624 3823 704 3896 φήσει
722 3826 780 3879 add.
800 3832 812 3881 1
833 3857 864 3866 -
884 3842 951 3896 φησι
968 3825 1038 3878 Alme
1057 3821 1134 3895 φήσει

57 3935 89 3945 -
113 3906 218 3961 θεῖναι
236 3912 300 3962 εσσε.
319 3912 343 3974 ῖ,
360 3908 436 3976 οἶμαι
452 3926 488 3978 pr.
508 3940 541 3951 -
560 3915 574 3963 ’ί
594 3907 675 3962 αὐτὸν
685 3909 761 3962 Rsk:
780 3907 872 3964 αὐτοῖς
888 3940 922 3952 -
940 3903 985 3979 ἐφ’
999 3910 1048 3964 del.
1071 3910 1133 3962 Rsk

57 4017 91 4029 -
106 3992 155 4044 τοῦ
174 4007 238 4044 corr.
253 3997 282 4060 1,
300 3994 341 4045 τῶ
362 4000 391 4046 σί
408 3994 460 4048 vid.
478 4011 515 4063 pr.
