2626 4476
153 70 195 131 56
643 72 750 126 ΙΣΛΙΟΥ
1171 84 1238 129 ουτ.

154 241 326 330 φάσκοντα
355 240 413 308 ἐπὶ
446 244 494 328 τη]
521 247 623 330 τρίτῳ
651 245 745 329 μέρει
773 244 964 330 ποιηθῆναι
994 238 1073 307 τότε
1108 231 1143 304 δ’
1179 230 1234 327 ἐφ>

153 336 281 410 άπαντι
302 345 350 429 τῷ
379 341 488 431 κλήρῳ
517 341 612 422 δόξαι
633 336 781 432 τάληθὲς
803 345 909 429 λέγειν
937 338 1031 427 ὑμῖν·
1062 339 1114 419 εἰς
1137 339 1177 407 δὲ
1198 336 1235 405 τδ

153 444 366 533 δικαστήριον
388 443 600 523 εἰσελθόντες
621 447 677 511 καὶ
698 445 816 531 πολληῦ
837 446 946 513 πλείω
960 447 1017 511 καὶ
1038 439 1235 527 δικαιότερα

153 548 302 637 λέγοντες
329 539 550 634 ήδικήθημεν,
579 538 638 629 οέχ
664 541 731 614 δπδ
762 551 830 614 των
857 547 1022 614 δικαστῶν
1050 537 1131 611 ἄλλ’
1166 538 1232 609 ὗπδ

151 649 312 726 Μέλανος
338 651 399 714 τοῦ
420 647 615 735 Αἰγυπτίου
644 650 700 715 καὶ
726 651 793 715 τῶν
815 648 940 717 ἐκείνου
966 647 1087 736 φίλων,
1119 647 1156 712 οἳ
1179 639 1235 710 διά

151 748 212 828 τάς
234 752 293 838 τής
306 748 440 828 πόλεως
455 747 632 838 συμφοράς
653 747 806 826 ἐξουσίαν
821 756 939 841 σφίσιν
955 741 1069 826 αδτοῖς
1091 740 1233 833 ἡγοῦντο

152 847 238 919 είναι
259 855 443 939 κεκτήσθαί
464 875 500 916 τε
514 843 693 939 τάλλότρια
706 853 765 918 καὶ
778 850 821 917 τά
841 851 951 940 ψευδῆ
973 843 1134 936 ἀλλήλοις
1146 871 1236 934 μαρ-

150 966 277 1041 τυρεῖν·
299 948 367 1018 ὗπδ
392 952 428 1018 δέ
449 954 516 1019 τιόν
538 949 580 1018 τά
602 956 742 1020 τοιαῦτα
757 953 945 1022 ποιούντων
968 948 1235 1040 ἐξηπατήθησαν

116 1065 135 1121 9
153 1053 186 1119 οἱ
202 1053 366 1119 δικασταί.
398 1056 455 1120 καί
468 1049 564 1140 ήμεῐς
581 1054 642 1138 μέν
656 1055 1120 1143 καταψευδομαρτυρηθέντες
1135 1043 1235 1117 άπω·

150 1155 293 1240 λέσαμεν
320 1153 362 1220 τά
391 1150 490 1222 ὄντα·
523 1159 581 1222 καὶ
608 1155 671 1244 γάρ
702 1152 720 1223 ά
751 1157 864 1245 πατήρ
888 1149 925 1222 οδ
948 1156 1067 1240 πολλῷ
1096 1151 1230 1243 [χρόνῳ]

148 1279 287 1344 υστερον
315 1256 400 1342 μετὰ
421 1257 482 1348 τήν
505 1258 598 1345 δίκην
620 1255 826 1348 ἐτελεύτησε,
854 1261 936 1344 πρὶν
959 1255 1160 1335 ἐπεξελθεῖν
1183 1253 1233 1333 οἷς

149 1356 367 1447 ἐπεσκήψατο
394 1364 462 1427 τιῦν
492 1359 685 1448 μαρτύρων·
712 1365 932 1448 Δικαιογένης
962 1359 997 1425 δέ
1025 1356 1116 1446 πρδς
1143 1354 1234 1478 ήμρῖς

149 1455 195 1538 ὦς
217 1455 405 1546 ἐβούλετο’
387 1461 635 1549 αγωνισάμενος
657 1466 698 1549 τή
714 1454 796 1549 αὕτη
783 1457 919 1549 ήμέρφ
934 1451 1073 1548 ἐξήλασε
1086 1458 1210 1544 μέν
1173 1486 1233 1547 την

147 1567 419 1682 Κηφισοφῶντος
444 1567 504 1631 τοῦ
532 1567 727 1640 Παιανιέως
754 1567 926 1650 θυγατέρα
948 1560 983 1628 ἐκ
1011 1565 1071 1629 τοῦ
1098 1567 1231 1652 μέρους,

149 1649 393 1751 άδελφιδήν
357 1687 459 1731 ουσαν
479 1669 718 1751 Δικαιογένους
739 1668 799 1731 τοῦ
820 1663 1065 1742 καταλιπόντος
1086 1662 1132 1730 τὰ
1149 1663 1230 1751 χρή

146 1790 248 1848 ματα,
273 1759 431 1855 άφείλετο
455 1764 549 1833 δέ
512 1792 573 1853 την
592 1767 808 1855 Δημοκλέους
835 1770 1013 1854 γενομένην
1033 1779 1185 1852 γυναῖκα,
1208 1764 1229 1832 δ

146 1871 365 1954 Δικαιογένης
394 1857 596 1956 άδελφδς’
569 1893 615 1935 ων
642 1866 772 1949 ἔδωκεν,
802 1861 960 1956 άφείλετό
990 1866 1055 1951 (τε)
1084 1871 1144 1935 καὶ
1170 1865 1229 1989 τήν

94 1977 130 2032 10
147 1968 385 2058 Κηφισοδότου
408 1973 534 2095 μητέρρι
555 1971 611 2034 καὶ
635 1962 736 2035 αὐτόν
757 1972 876 2035 τοῦτον
898 1962 1043 2036 ἅπαντα.
1086 1968 1204 2036 καὶ
1165 1995 1228 2056 γαρ

145 2067 273 2136 τούτων
296 2063 400 2156 [τε]ά
379 2096 449 2154 αμα
470 2073 525 2136 καὶ
549 2067 735 2158 ἐπίτροπος
761 2073 819 2137 καὶ
846 2069 958 2154 κόριος
980 2064 1077 2137 κάλ’
1059 2097 1120 2137 αντ
1123 2071 1226 2148 ίδικος

144 2157 193 2257 ήν,
217 2197 273 2237 και
262 2165 365 2239 οὗδέ
378 2170 463 2238 κατά
484 2196 523 2237 το
513 2170 713 2254 ἐλάχιστον
726 2176 883 2260 μέρος
841 2197 900 2259 της
916 2171 1119 2260 οἰκειότητος
1135 2170 1225 2239 ἐλέου

145 2264 230 2393 παρ>
256 2265 359 2345 σκότου
381 2272 503 2356 ἐτυχον,
528 2266 645 2339 ἀλλ’
628 2277 774 2363 ορφανοὶ
795 2277 852 2341 καὶ
874 2272 992 2362 ἐ’ρημοι
1005 2276 1064 2340 καί
1084 2277 1227 2395 πένητες

143 2373 316 2461 γενόμενοι
338 2375 500 2462 [πάντων]
522 2378 579 2443 καλ
599 2379 666 2441 τῶν
679 2369 762 2443 καθ’
779 2371 907 2464 ἡμέραν
924 2363 1162 2463 ἐπιτηδείων
1141 2398 1227 2465 ησαν

144 2473 275 2555 ἐνδεεῖς.
327 2471 432 2556 οδτως
461 2471 582 2554 αὐτοὺς
602 2480 823 2566 Δικαιογένης
851 2473 966 2544 οὖτοσλ
989 2475 1157 2564 ἐγγυτάτω
1178 2468 1226 2545 τόν

142 2583 256 2664 γένους
280 2577 518 2664 ἐπετρόπευεν·
548 2571 586 2656 ός
613 2602 665 2664 γε,
689 2577 710 2645 ά
733 2579 794 2663 μὲν
816 2576 834 2646 ό
856 2577 969 2668 πατὴρ
1000 2573 1115 2658 αὐτοῖς
1139 2579 1225 2648 Θεό

142 2703 282 2763 πομπος
303 2681 478 2760 κατέλιπε,
506 2691 579 2757 τοῖς
606 2678 732 2746 τούτων
755 2679 891 2768 ἐχθροῖς
912 2681 1116 2766 παρέδωκεν,
1143 2680 1224 2749 άδέ

144 2777 161 2846 δ
185 2778 273 2867 πρὸς
294 2779 419 2869 μητρός
440 2785 539 2858 θεῖος
552 2783 609 2846 καὶ
631 2777 649 2848 δ
669 2781 816 2860 πάππος
831 2775 949 2860 αὖτοῖς
967 2781 1098 2864 ἔδωκεν,
1122 2777 1226 2862 αὗτδς

90 2893 123 2946 11
144 2872 303 2970 άφείλετο
318 2880 385 2967 πρὸ
404 2882 505 2970 δίκης.
541 2884 598 2949 καὶ
612 2881 631 2950 δ
646 2883 785 2951 πάντων
807 2883 1008 2966 δεινότατον,
1030 2883 1091 2972 τήν
1114 2884 1225 2971 οἰκίον

142 2975 251 3050 αὗτιόν
279 2981 338 3069 τήν
365 2984 538 3071 πατρηίαν,
572 2985 707 3051 παίδων
736 2981 842 3052 όντων
869 2985 1006 3068 τούτων,
1036 2985 1224 3075 πριάμενος

139 3086 196 3149 καὶ
218 3083 439 3170 κατασκάψας
459 3083 519 3153 τὸν
533 3090 641 3173 κήπου
663 3085 848 3175 ἐποιήσατο
871 3086 960 3174 πρός
981 3092 1023 3176 τῇ
1045 3083 1149 3155 αὑτοῦ
1172 3087 1224 3155 οί·

228 3305 325 3356 δτοτὲ
342 3304 412 3358 Ald:
431 3308 501 3358 ποτέ
515 3335 549 3343 -
567 3309 584 3359 4
601 3301 666 3374 ἡμῖν
682 3325 731 3391 μα,
750 3323 815 3360 corr.
834 3311 898 3359 1-
918 3312 933 3361 5
951 3312 998 3359 καί
1014 3314 1075 3376 post
1093 3305 1220 3362 πλείωε.

141 3404 164 3438 v
183 3390 207 3440 2.
275 3387 303 3443 9.
320 3384 468 3460 ῖχρίνα
461 3406 487 3442 ln
500 3394 593 3457 mg1
612 3391 662 3445 del
671 3392 706 3445 de
717 3407 826 3443 meo
845 3393 1221 3462 eawaaoffmeinm

139 3472 344 3526 lithcorm—
361 3467 574 3570 ῖᾶδελφὴνρεη
594 3479 740 3530 σωκ-2
760 3473 895 3548 διογενουο
907 3494 953 3544 pr
970 3493 1034 3530 corr.
1048 3480 1063 3531 2
1081 3480 1170 3546 (κατε.
1183 3481 1220 3542 ν.)

140 3584 171 3594 -
197 3541 426 3623 δάΒεΙιηη-
445 3559 689 3629 9τε11σσίτεοερ
707 3561 815 3614 demeo
837 3562 887 3629 εὖ
908 3566 946 3615 10
964 3565 1032 3616 2
1051 3565 1083 3615 10
1101 3577 1217 3633 κηφησο·

139 3638 219 3694 δοτου
237 3659 284 3710 pr
301 3645 529 3711 ἰῖεταηρτοιρε.
549 3646 633 3708 11,6;
654 3647 726 3712 19,.3
784 3645 828 3700 10.
846 3647 978 3700 2τεδε1
990 3645 1105 3699 Rsk.-
1121 3643 1218 3703 ἐπάν·

138 3728 240 3780 ταινία
257 3744 306 3782 τεο.
325 3728 382 3781 add.
404 3732 430 3780 1:
449 3727 498 3781 del.
517 3727 551 3780 δε
569 3742 627 3780 meo
644 3757 678 3767 -—
697 3728 876 3799 8,κατε’λ.ιπε
888 3750 925 3802 pr.
976 3734 1017 3787 11.
1038 3736 1049 3784 1
1069 3750 1084 3782 ο
1100 3747 1220 3784 παντων

138 3806 303 3866 δεινόταται
322 3829 371 3866 em.
384 3811 445 3865 Rsk.
463 3810 658 3887 cumlTophane
671 3813 776 3884 Taylori
795 3847 827 3857 -
846 3822 862 3872 3
879 3814 930 3872 τόν
948 3817 997 3871 del.
1015 3815 1062 3868 Db.
