2626 4476
90 1826 121 1877 10

643 551 708 621 XII.

413 687 564 768 ΥΠΕΡ
592 686 928 770 ΕΥΦΙΛΗΤΟΥ.

598 845 751 854 ——-.

558 964 787 1018 ΥΠΟΘΕΣΙΣ.

238 1059 296 1114 ’Τὸν
311 1056 441 1129 Ἐρχιέων
463 1057 550 1129 δῆμον
573 1063 610 1115 εἰς
632 1061 665 1117 τὸ
689 1059 864 1135 δικαστήριον
882 1058 1080 1130 προσκαλεῖταί
1095 1075 1136 1111 τις
1153 1057 1208 1110 τῶν

169 1141 432 1216 δποψφφισδίιπων
449 1141 486 1199 ῶς
502 1142 603 1201 ἀδίκως
626 1148 674 1214 τῆς
695 1145 832 1202 πολιτείας
848 1141 1073 1212 ἀπελαυνόμενος.
1109 1141 1207 1215 ἐγράφη

170 1227 226 1304 γὰρ
243 1227 277 1298 δή
293 1247 334 1284 τις
352 1226 405 1285 ὑπὸ
422 1232 482 1284 τῶν
491 1226 653 1298 Ἀθηναίων
664 1231 753 1301 νόμος,
773 1232 897 1295 ἐξέτασιν
914 1229 1047 1303 γενέσθαι
1060 1230 1118 1282 τῶν
1137 1226 1206 1282 πολι·

171 1315 231 1368 τῶν
254 1312 324 1368 κατὰ
347 1312 458 1384 δήμους,
480 1315 530 1370 τὸν
552 1314 582 1370 δὲ
603 1313 840 1388 ἀποψηφισθέντα
861 1313 915 1370 ὑπὸ
937 1315 997 1369 τῶν
1020 1311 1151 1384 δημοτῶν
1167 1315 1209 1380 τῆς

173 1397 310 1455 πολιτείας
326 1398 364 1470 μὴ
381 1407 512 1469 μετέχειν,
530 1407 585 1456 τοῖς
602 1399 634 1456 δέ
652 1400 754 1457 ἀδίκως
770 1398 1009 1473 ἀποψηφισθεῖσιν
1024 1404 1120 1471 ε’φεσιν
1132 1399 1168 1452 εἰς
1179 1397 1208 1452 τὸ

172 1483 349 1558 δικαστήριον
366 1487 437 1540 εἶναι
459 1485 722 1559 προσκαλεσαμένοις
739 1487 800 1541 τοὺς
818 1483 950 1556 δημόται,
976 1490 1022 1538 καί
1039 1484 1089 1539 ἐὰν
1106 1483 1139 1539 τὸ
1156 1481 1209 1538 δι’ύ-

171 1591 253 1641 τερον
271 1570 468 1644 ἐξελεγχθῶσι,
487 1573 651 1645 πεπρᾶσθαι
669 1568 766 1626 αύτούς
782 1577 828 1625 καὶ
850 1570 884 1626 τά
901 1570 1026 1643 χρήματα
1043 1571 1115 1624 εἶναι
1133 1568 1210 1639 δημύ

172 1674 227 1710 σια.
263 1655 333 1710 κατὰ
349 1657 453 1712 τοῦτον
473 1656 524 1712 τὸν
544 1657 631 1727 νόμον
654 1654 855 1727 δΕδφίλητος,
881 1653 1133 1727 προσκαλεσάμενοι
1153 1655 1210 1708 τούς

170 1738 290 1812 Ἐρχιέας
307 1736 345 1797 ῶς
361 1738 462 1796 σἰδίκως
480 1749 757 1814 καταψηφισαμένους
769 1740 861 1808 αὐτοῦ,
878 1742 928 1796 τὸν
946 1739 1043 1814 ἀγῶνα
1055 1739 1138 1796 τύνδε
1154 1737 1221 1793 δια-.

171 1828 296 1889 τίθεται.
331 1834 490 1901 προείρηται
513 1833 563 1893 μέν
586 1825 620 1896 δὴ
643 1827 679 1882 τὰ
696 1825 844 1901 πράγματα
861 1826 943 1882 ταῦτ’
962 1823 1084 1899 ἀκριβῶς
1106 1832 1152 1879 καὶ
1169 1846 1210 1880 πο

173 1919 314 1967 πίστωται
331 1909 378 1967 διὰ
394 1915 454 1968 τῶν
470 1916 632 1988 μαρτύρων·
654 1913 693 1967 οἷς
710 1911 742 1967 δὲ
757 1906 872 1984 βεβαίας
889 1914 1003 1980 ποιῆσαι
1020 1908 1150 1982 βούλεται
1166 1912 1209 1964 τὰς

171 2004 329 2071 μαρτυρίας,
351 1996 418 2053 τάδε
435 2000 520 2072 ἐστίν,
544 1995 581 2053 ῶς
597 2003 649 2068 μέν
667 1998 720 2072 dyo)
739 1996 817 2067 δύξης
840 2002 902 2066 ἔχω,
925 1993 1013 2051 πάντ’
1033 1991 1154 2068 ἀκριβῶς
1175 1997 1211 2058 ἐξ·

174 2088 347 2155 ειργασμένα,
365 2087 481 2155 κρινέτω
500 2081 529 2136 δέ
546 2081 561 2137 δ
580 2081 742 2153 βουλόμενος
753 2084 777 2136 εἰ
788 2081 823 2137 τὰ
835 2080 1010 2154 προσήκοντα
1028 2085 1138 2154 έφνωκα
1155 2085 1212 2151 περί

173 2164 274 2222 αύτῶν.

216 2281 235 2305 τι
521 2275 524 2282 ’
571 2274 585 2306 ’ί
619 2283 636 2308 ει
972 2281 981 2306 ι
1080 2287 1088 2307 ε
1147 2281 1158 2307 ς
1186 2300 1198 2311 ,

231 2291 292 2354 Οτι
318 2287 379 2371 μὲν
407 2293 528 2370 τοίνυν,
559 2314 585 2353 ω
614 2287 730 2372 ανδρες
759 2288 928 2369 δικασταί,
963 2287 1111 2376 αδελφος
1139 2312 1212 2376 ημιι

140 2387 230 2456 ἔστιν
259 2384 375 2457 οὑτοσί
404 2384 608 2481 Εὐφίλητος,
640 2382 677 2457 ού
706 2389 809 2475 μόνον
835 2386 929 2478 ἡμῶν
959 2383 1044 2457 ἀλλὰ
1073 2393 1212 2457 καὶτῶν

141 2495 304 2579 συγγενῶν
326 2487 485 2561 ἁπάντων
508 2487 670 2583 ἀκηκόατε
684 2492 948 2581 μαρτυρούντων.
986 2497 1165 2578 σκέψασθε
1181 2491 1213 2558 δὲ

141 2596 277 2683 πρῶτον
299 2592 357 2662 τὸν
385 2599 516 2683 πατέρα
537 2590 641 2683 ἡμῶν,
671 2600 762 2672 τίνος
785 2593 890 2661 ἕνεκεν
913 2584 952 2661 ῶν
979 2593 1141 2679 ψεύδοιτο
1163 2596 1214 2660 καί

142 2700 260 2763 τοῦτον
282 2695 326 2784 μὴ
350 2692 432 2764 ὂντα
455 2691 556 2764 αύτού
578 2695 651 2764 υἱὸν
670 2695 882 2764 εἰσεποιεῖτο.
926 2695 1057 2775 πάντας
1078 2695 1142 2784 γὰρ
1165 2690 1214 2762 εύ-

140 2798 258 2887 ρήσετε
284 2797 362 2878 τούς
383 2797 425 2864 τὰ
446 2802 586 2866 τοιαῦτα
608 2798 818 2886 πράττοντας
847 2789 868 2886 ἢ
891 2791 948 2865 ούκ
976 2793 1083 2866 ὄντων
1106 2792 1214 2878 αὐτοῖς

140 2905 284 2990 γνησίων
306 2899 439 2967 παίδων
461 2889 483 2986 ἢ
506 2898 562 2967 διὰ
585 2906 705 2967 πενίαν
723 2893 1005 2987 ἀναγκαζομένους
1027 2900 1139 2980 ξένους
1161 2892 1214 2966 ἆυ-

139 3002 306 3090 θριύπους
328 3000 577 3085 εἰσποιεῖσθαι,
606 2995 701 3081 ὅπως
729 2996 929 3092 ὠφελῶνταί
955 3029 989 3071 τι
1019 2995 1083 3068 ἄπ’
1111 2996 1214 3070 αύτῶυ

226 3205 271 3258 x11
292 3205 408 3276 (Bionys.
426 3205 515 3259 flam
532 3223 558 3274 p.
571 3209 705 3260 617-624
718 3206 822 3272 Reiske)
880 3207 942 3274 hyp.
962 3210 973 3260 1
995 3205 1133 3282 προσκαλ.
1144 3205 1214 3259 Βελι.ε

141 3288 255 3362 προκαλ.
279 3292 350 3356 libri,
374 3292 436 3345 item
457 3308 500 3344 vv.
519 3295 535 3346 6
558 3296 585 3344 ολ
603 3294 619 3345 8
642 3319 677 3332 -
700 3295 714 3344 3
733 3288 767 3357 δή
783 3308 824 3344 τις
848 3286 881 3356 δη
904 3291 924 3343 Β
943 3308 989 3367 ρο,
1012 3286 1046 3358 δη
1069 3290 1170 3344 induxit
1186 3319 1216 3328 -

142 3380 158 3430 4
176 3371 288 3446 δῆμον
306 3393 414 3432 ουτως.
427 3376 544 3432 οεοΜι
564 3405 597 3416 -
617 3383 632 3431 5
650 3370 940 3447 ἆποψηφισδει...σικ
951 3375 980 3443 Β,
998 3380 1065 3430 2-3
1083 3377 1134 3429 litt.
1147 3392 1216 3440 ετεε,

141 3465 219 3517 ιλεί
230 3480 278 3516 σιν
294 3463 321 3516 in
332 3479 382 3518 τες.
397 3468 409 3516 1
429 3493 463 3502 -
482 3468 496 3516 7
515 3459 683 3527 ἐξελεχδῶσι
700 3463 719 3514 Β
738 3491 770 3502 -
791 3465 842 3517 ’λθ
860 3458 977 3530 δημοσία
995 3462 1018 3513 Α
1036 3468 1062 3514 et
1079 3478 1131 3530 mg.
1149 3462 1169 3514 Β
1186 3488 1217 3502 -·

144 3552 160 3602 9
177 3547 263 3614 ίχιίας
280 3546 332 3615 ΑΒ,
350 3545 489 3619 ἀρχιερέας
505 3547 525 3600 Β
547 3575 582 3587 -
602 3541 711 3600 ἀδίκους
729 3548 747 3599 Β
765 3563 812 3615 pr„
831 3540 894 3601 σοις.
913 3551 928 3600 2
947 3575 981 3588 -—
1007 3552 1036 3600 11
1055 3544 1215 3616 βεβαίοιιΜ

141 3666 175 3678 -
192 3633 321 3704 βούλεται
338 3634 452 3700 ποιῆσαι
470 3631 489 3684 Β
507 3662 540 3672 ·-
560 3635 592 3686 12
610 3629 703 3686 πάντα
721 3629 750 3688 Β.
819 3634 842 3687 1.
865 3637 877 3686 λ
896 3633 993 3685 τοίνῶν
1008 3631 1036 3698 Β,
1059 3650 1103 3686 τοι
1122 3648 1153 3685 ex
1175 3649 1218 3683 οισι

141 3737 207 3776 τοι-ς.
225 3724 241 3774 2
265 3748 299 3761 -
323 3722 338 3773 2
356 3714 371 3771 δ
389 3712 531 3788 εὖφίλητος
548 3719 570 3780 (ι
586 3733 651 3770 σοις.
669 3733 690 3772 ε.
709 3722 736 3783 η)
754 3718 807 3783 Β1,
831 3711 935 3770 &recte
955 3733 1005 3770 om.
1023 3714 1137 3770 ΑΒΜΒλ
1161 3715 1217 3780 (del.

142 3807 256 3875 Sauppe)
275 3835 307 3846 -
325 3809 341 3858 3
359 3799 506 3869 ἆκηιιέατες
525 3821 540 3855 ο
558 3819 649 3856 ecorr.
664 3801 685 3855 Β
702 3831 737 3842 -
756 3807 772 3856 4
789 3803 891 3855 εἵνεκεν
909 3803 927 3855 Β
946 3832 979 3842 —·
997 3797 1140 3871 ψεύδοιτο.
1159 3800 1218 3867 (vid.

143 3892 256 3956 afuisse)
268 3889 296 3944 Β.
349 3889 376 3944 Β.
391 3893 412 3944 λ.
426 3892 441 3942 2
459 3885 600 3957 ιύρήσεται
613 3887 632 3939 Β
644 3905 681 3956 pr.
695 3891 769 3954 (corr.
780 3890 834 3953 λλ),
851 3889 873 3939 Α
889 3904 926 3955 pr.
945 3917 978 3926 -
996 3891 1012 3940 2
1030 3885 1065 3940 τὰ
1078 3903 1128 3941 om.
1142 3887 1161 3939 Β
1173 3903 1217 3953 φα,

142 3977 228 4032 adm
250 4007 282 4018 -
301 3973 406 4029 ὅντωνε
425 3991 446 4028 ε.
465 3993 497 4027 ον
514 3989 564 4028 τες.
584 3973 602 4024 Β
