2626 4476
60 253 81 292 p.
95 241 127 282 38.
367 227 444 280 ΠΕΡΙ
461 227 526 281 ΤΟΥ
538 225 667 280 ΠΥΡΡΟΥ
684 225 822 280 ΚΑΗΡΟΥ.
1098 225 1137 285 27

572 444 626 512 111.

199 580 334 663 ΠΕΡΙ
363 580 473 661 ΤΟΥ
501 579 724 661 IIYPPOY
751 578 1000 662 KAHPOY.

523 753 676 763 m

482 870 715 924 ΥΠΟθΕΣΙΣ.

163 983 272 1059 Πύρρου
290 984 340 1038 τὸν
357 988 451 1058 ἕτερον
465 987 543 1052 (τῶν)
559 987 606 1052 τῆς
622 980 739 1055 ἀδελφῆς
757 983 827 1038 υἱῶν
840 984 1066 1053 υἱοποιησαμεῑνον
1077 982 1137 1037 Ἑν-

95 1067 165 1135 διον,
183 1075 228 1122 καὶ
246 1069 344 1124 τούτου
361 1067 446 1123 πλίον
463 1066 480 1136 ῆ
499 1071 603 1123 εἴκοσιν
620 1075 668 1136 ε’τη
685 1067 736 1122 τὸν
753 1066 853 1141 κλῆρον
870 1066 1061 1137 κατασχόντος,
1079 1068 1138 1122 εἷτα

93 1151 296 1219 ἀποθανόντος,
317 1153 449 1221 Ξενοκλῆς
466 1152 559 1221 λαχὼν
575 1155 636 1208 τῶν
652 1148 801 1226 χρημάτων
817 1152 887 1224 ὑπὲρ
906 1153 996 1221 Φίλης,
1014 1154 1061 1222 τῆς
1077 1154 1138 1206 ἐαυ-

92 1239 143 1292 τού
160 1237 295 1310 γυναικός,
313 1235 528 1310 διεμαρτύρησεν
546 1238 616 1291 εἶναι
635 1234 721 1306 αύτῆν
737 1243 855 1310 γνησίαν
867 1238 976 1311 Πύρρον
987 1239 1137 1311 θυγατέρι,

93 1320 317 1395 ἆμφισβητούσης
334 1323 382 1376 τού
400 1321 497 1396 κλήρου
515 1325 562 1390 τῆς
577 1318 685 1376 Ἔνδίου
701 1321 815 1395 μητρός·
833 1328 878 1376 καὶ
896 1322 967 1377 ἑάλω
983 1320 1137 1394 χψευδομαρ-
1155 1327 1170 1376 5

96 1410 209 1478 τυριῶν,
232 1405 389 1477 Νικοδήμου
406 1412 452 1460 καὶ
471 1403 554 1461 αὐτού
578 1405 800 1478 μαρτυρήσαντος
821 1409 949 1480 ἐγγυῆσαι
966 1406 1068 1482 Πύρρῳ
1085 1407 1137 1476 τῆν

94 1488 216 1562 ἀδελφήν
239 1491 308 1546 κατὰ
329 1491 391 1546 τούς
409 1489 520 1562 νόμους,
545 1493 575 1555 ἐξ
592 1478 622 1560 ῆς
638 1495 780 1564 γεγονέναι
797 1490 848 1559 τῆυ
867 1490 962 1558 Φίλην.
998 1488 1136 1547 ὁἘνδίου

94 1573 125 1628 δὲ
148 1571 263 1646 εἰδελγὸς
284 1575 378 1643 νόθην
401 1576 473 1629 εἶναί
491 1594 583 1647 φησιν,
608 1576 638 1638 ἐξ
661 1577 771 1644 ἑταίρας
786 1575 888 1648 Πύρρῳ
911 1581 1069 1650 γενομένην,
1090 1583 1136 1630 καὶ

94 1654 182 1713 οὕτως
198 1657 253 1715 ύπύ
267 1657 375 1714 Ἐνδίου
394 1657 543 1728 ἐκδοθῆναι
562 1659 695 1718 Ξενοκλεῖ.
723 1657 760 1713 ‘H
773 1659 867 1714 στάσις
878 1659 1038 1730 στοχασμός,
1055 1660 1087 1715 τὸ
1106 1659 1137 1715 δὲ

93 1742 214 1815 ἔγκλημα
230 1741 475 1816 ψευδομαρτυριῶν
490 1745 561 1800 κατὰ
577 1748 627 1800 τού
645 1743 807 1814 Νικοδήμου.
1156 1750 1187 1799 10

145 1842 280 1935 Ἄνδρες
308 1850 478 1932 δικασταί,
507 1845 525 1916 ό
557 1842 703 1937 ἀδελφός
730 1852 791 1936 τῆς
818 1848 942 1938 μητρὸς
968 1853 1027 1935 τῆς
1057 1848 1137 1937 ἐμῆς

58 1948 209 2037 Πύρρος,
240 1945 348 2028 ἅπαις
375 1941 422 2017 ιύν
452 1957 595 2039 γνησίων
623 1950 774 2032 παίδων,
804 1949 989 2036 ἐποιήσατο
1004 1946 1137 2018 Ἔνδιον

59 2050 118 2118 τὸν
141 2045 288 2140 ἀδελφὸν
309 2049 369 2119 τόν
392 2049 472 2135 ἐμόν
493 2050 567 2119 υἱὸν
590 2051 714 2138 ἑαυτῷ·
738 2051 777 2128 ὃς
790 2052 994 2140 κληρονόμος
1009 2041 1055 2118 ιδν
1070 2056 1136 2119 τιύν

60 2150 185 2218 ἐκείνου
208 2150 335 2238 ἐπεβίω
357 2155 465 2220 πλείω
488 2152 544 2242 ἔτη
566 2143 719 2241 ήεῖκοσι,
742 2156 798 2220 καὶ
814 2152 848 2220 ἐν
863 2153 971 2242 χρόνῳ
987 2152 1135 2240 τοσούτῳ

59 2253 192 2336 ἐ’χοντος
214 2251 338 2320 ἐκείνου
360 2253 419 2321 τὸν
441 2257 559 2344 κλῆρον
576 2248 685 2334 οὐδεὶς
698 2255 841 2323 πώποτε
860 2255 1136 2343 προσεποιήσατο

59 2347 131 2421 οὐδ’
149 2348 389 2444 ῆμφεσβήτησε
402 2360 460 2445 τῆς
473 2359 695 2446 κληρονομίας
715 2355 838 2445 ἐκείνῳ.
882 2358 1138 2445 τελευτήσαντος

60 2455 96 2522 δὲ
117 2458 178 2521 τοῦ
207 2449 355 2546 ἀδελφοῦ
383 2463 538 2547 πέρυσιν,
567 2454 744 2546 ύπερβᾶσα
765 2457 823 2525 τὸν
847 2461 1036 2527 τελευταῖον
1057 2462 1171 2548 πλη-2

60 2557 219 2645 ρονύμον,
248 2566 368 2648 γνησία
395 2559 547 2650 θυγάτηρ
576 2563 635 2627 τού
664 2555 823 2649 ἡμετέρου
851 2565 952 2628 θείου
973 2554 1044 2648 ήκει
1067 2561 1135 2649 φά·
1194 2597 1197 2603 =

60 2681 187 2726 σκουσα
216 2656 302 2728 εἶναι
331 2663 438 2750 Φίλη,
470 2664 526 2729 καὶ
558 2663 671 2750 κύριος
698 2664 863 2750 Ξενοκλῆς
891 2661 1044 2749 Κόπριος
1076 2665 1135 2727 τού

59 2760 198 2849 Πύρρου
220 2761 339 2849 κλήρου
361 2764 473 2846 λαχεῖν
492 2761 553 2851 τήν
576 2762 668 2851 λῆξιν
690 2757 846 2851 ἠξίωσεν,
870 2763 908 2840 ὃς
928 2763 1136 2850 τετελεύτηκε

57 2864 168 2930 πλείω
188 2853 211 2950 ἢ
233 2862 358 2930 εἴκοσιν
380 2863 445 2953 ἐ’τη,
468 2871 546 2953 τρία
566 2865 714 2932 τάλαντα
727 2871 855 2955 τίμημα
869 2869 918 2953 τῷ
934 2865 1043 2954 ’κλήρῳ
1059 2863 1135 2934 ἐπι·

146 3049 177 3102 111
190 3049 230 3102 tit.
247 3053 317 3102 reete
327 3055 399 3104 extat
410 3052 437 3104 in
449 3051 534 3104 indice
545 3051 625 3104 totius
636 3051 739 3116 codicis,
757 3056 846 3106 contra
859 3053 967 3106 orationi
985 3053 1034 3120 ipsi
1047 3067 1136 3118 supra·
1202 3103 1218 3110 ,

58 3135 153 3200 scripta
172 3140 234 3187 sunt
250 3135 328 3187 haec:
346 3136 396 3187 τοῦ
413 3131 517 3206 πύρρου
528 3133 626 3206 κλήρου
638 3133 708 3189 κατὰ
725 3141 838 3203 ποίησιν
851 3134 918 3209 πρὸς
934 3133 968 3190 τὸ
984 3139 1060 3209 γένος
1078 3132 1134 3189 δια·
1166 3202 1170 3214 ¹

57 3221 204 3289 μαρτυρία.
241 3218 278 3270 Gs.
291 3217 323 3270 ad
336 3218 371 3284 §5
386 3223 397 3272 1
414 3208 507 3274 et4'1.¹
525 3221 587 3290 hyp.
604 3225 615 3274 1
636 3220 731 3292 πύρρο.
743 3238 790 3289 pn,
809 3237 872 3275 corr.
890 3226 902 3275 1
923 3250 954 3260 -
972 3218 1023 3275 τὸν
1039 3224 1134 3293 ἕτερον

58 3301 119 3354 τῶν
136 3301 198 3354 Rsk.
216 3301 330 3357 eschod.
345 3301 467 3356 Erulum:
486 3301 536 3356 τὸν
553 3323 622 3357 τ..ν
639 3321 686 3373 pr„
703 3303 754 3358 τὸν
771 3295 865 3376 ἕτερον
883 3322 947 3360 corr.
967 3309 979 3358 1
1000 3335 1033 3346 -
1051 3309 1066 3359 2
1085 3306 1134 3358 τοῦ

58 3382 170 3454 κλήρους
189 3401 237 3441 em.
255 3386 313 3439 ΑΜ.
331 3415 362 3426 -
388 3391 405 3440 4
423 3383 643 3462 διε.αρτύρησεν’
654 3407 701 3459 ηπ,
719 3406 783 3444 corr.
801 3395 813 3443 1
832 3420 866 3429 -
890 3394 904 3443 ’ί
923 3395 982 3443 ουλε
1000 3387 1052 3456 τὴν
1069 3406 1133 3443 eras.

58 3472 106 3521 καί
124 3499 158 3508 -
176 3474 191 3525 8
209 3489 292 3540 φ.σιν
310 3489 357 3540 ηε,
375 3488 439 3525 corr.
451 3475 475 3527 1.
544 3477 569 3529 1.
588 3479 604 3528 4
622 3477 725 3542 λπεβίω
744 3475 903 3541 SAN(aber):
926 3475 994 3541 ἐβίω
1013 3505 1047 3515 -
1065 3471 1081 3540 ἢ
1098 3473 1132 3525 εἴ·

57 3572 137 3609 κσσιν
153 3557 201 3622 ίτη
218 3556 287 3610 Htw.
305 3586 339 3597 —
364 3561 379 3610 5
397 3556 517 3626 Harpocr.
535 3576 559 3613 v.
578 3555 797 3630 προσεποιήσατο
815 3562 917 3626 (οντες
937 3575 985 3612 em.
1004 3557 1132 3626 Sauppej:

57 3634 121 3692 ἀντὶ
138 3639 188 3693 τού
205 3633 408 3710 ἀντεποιήσατο
424 3645 528 3708 (·αντο;
546 3660 594 3698 em.
607 3645 735 3712 Sauppe)·
751 3638 846 3697 Ἰσαῖος
862 3645 894 3697 ἐν
908 3644 950 3711 τῷ
968 3641 1038 3697 κατὰ
1051 3647 1133 3696 Νικο-

58 3718 157 3792 δήμου·
174 3720 262 3779 ούδείς
279 3723 394 3780 πώποτε
412 3727 631 3795 προσεποιήσατο
648 3722 711 3782 οὔδ’
730 3723 919 3798 ἠμφισβήτησε
941 3728 990 3796 τῆς
1006 3728 1133 3801 κληρονο·

56 3811 122 3874 μίας
138 3811 235 3878 ἐκείνῳ
253 3812 390 3876 (ἐκείνωνι
409 3827 458 3866 em.
471 3811 592 3880 Sauppe).
661 3813 688 3868 2.
708 3816 719 3866 1
739 3809 907 3886 κλρουόμον
924 3830 971 3882 pr„
989 3830 1053 3867 corr.
1069 3818 1080 3866 1
1101 3841 1133 3854 -

58 3889 215 3966 3κύπριοςε
234 3911 283 3950 em.
300 3895 380 3950 Meier
402 3925 436 3935 —-
457 3901 474 3950 4
490 3891 615 3964 ῆξίωσ.ν
632 3913 680 3965 ηε,
697 3913 762 3952 corr.
780 3902 795 3952 2
813 3929 846 3938 -
868 3895 1062 3964 τετελευτήκει;
1082 3912 1131 3950 em.

57 3976 152 4032 Βεὶίεε.
811 3987 814 3993 ’
