<?xml version="1.0" encoding="UTF-8"?>
<!DOCTYPE html PUBLIC "-//W3C//DTD XHTML 1.0 Transitional//EN"
    "http://www.w3.org/TR/xhtml1/DTD/xhtml1-transitional.dtd">
<html xmlns="http://www.w3.org/1999/xhtml" xml:lang="en" lang="en">
 <head>
  <title>
</title>
<meta http-equiv="Content-Type" content="text/html;charset=utf-8" />
  <meta name='ocr-system' content='tesseract 3.04.00' />
  <meta name='ocr-capabilities' content='ocr_page ocr_carea ocr_par ocr_line ocrx_word'/>
</head>
<body>
  <div class='ocr_page' id='page_1' title='image "./isaeiorationesc00buergoog_0081.png"; bbox 0 0 2626 4476; ppageno 0'>
   <div class='ocr_carea' id='block_1_1' title="bbox 152 68 1234 133">
    <p class='ocr_par' dir='ltr' id='par_1_1' title="bbox 152 68 1234 133">
     <span class='ocr_line' id='line_1_1' title="bbox 152 68 1234 133; baseline 0.004 -4"><span class='ocrx_word' id='word_1_1' title='bbox 152 68 192 130; x_wconf 90' lang='grc'><strong><em>60</em></strong></span> <span class='ocrx_word' id='word_1_2' title='bbox 636 70 745 123; x_wconf 77' lang='grc' dir='ltr'><strong>ΙΣΑΙΟΥ</strong></span> <span class='ocrx_word' id='word_1_3' title='bbox 1168 90 1204 133; x_wconf 83' lang='grc' dir='ltr'><strong><em>οι.</em></strong></span> <span class='ocrx_word' id='word_1_4' title='bbox 1216 92 1234 133; x_wconf 69' lang='grc' dir='ltr'><strong><em>ι.</em></strong></span> 
     </span>
    </p>
   </div>
   <div class='ocr_carea' id='block_1_2' title="bbox 98 232 1235 770">
    <p class='ocr_par' dir='ltr' id='par_1_2' title="bbox 98 232 1235 736">
     <span class='ocr_line' id='line_1_2' title="bbox 151 232 1235 330; baseline 0.002 -24"><span class='ocrx_word' id='word_1_5' title='bbox 151 240 378 325; x_wconf 78' lang='grc' dir='ltr'><strong><em>παραδώσειν,</em></strong></span> <span class='ocrx_word' id='word_1_6' title='bbox 407 248 441 308; x_wconf 91' lang='grc' dir='ltr'><strong><em>τί</em></strong></span> <span class='ocrx_word' id='word_1_7' title='bbox 470 239 643 330; x_wconf 73' lang='grc' dir='ltr'><strong><em>ἐζημιοῦτο</em></strong></span> <span class='ocrx_word' id='word_1_8' title='bbox 674 233 902 327; x_wconf 77' lang='grc' dir='ltr'><strong><em>ἀφιστάμενος</em></strong></span> <span class='ocrx_word' id='word_1_9' title='bbox 929 232 976 304; x_wconf 80' lang='grc' dir='ltr'><strong><em>ὦν</em></strong></span> <span class='ocrx_word' id='word_1_10' title='bbox 1005 239 1109 328; x_wconf 83' lang='grc' dir='ltr'><strong><em>τιμήν</em></strong></span> <span class='ocrx_word' id='word_1_11' title='bbox 1134 237 1235 325; x_wconf 87' lang='grc' dir='ltr'><strong><em>είχεν,·</em></strong></span> 
     </span>
     <span class='ocr_line' id='line_1_3' title="bbox 151 335 1233 433; baseline 0.003 -25"><span class='ocrx_word' id='word_1_12' title='bbox 151 336 228 409; x_wconf 84' lang='grc' dir='ltr'><strong><em>οῦδὲ</em></strong></span> <span class='ocrx_word' id='word_1_13' title='bbox 248 341 312 430; x_wconf 84' lang='grc' dir='ltr'><strong><em>γὰρ</em></strong></span> <span class='ocrx_word' id='word_1_14' title='bbox 334 346 416 431; x_wconf 85' lang='grc' dir='ltr'><strong><em>πρὶν</em></strong></span> <span class='ocrx_word' id='word_1_15' title='bbox 437 339 627 433; x_wconf 73' lang='grc' dir='ltr'><strong><em>ἡττηθῆναι</em></strong></span> <span class='ocrx_word' id='word_1_16' title='bbox 647 339 707 427; x_wconf 89' lang='grc' dir='ltr'><strong><em>τήν</em></strong></span> <span class='ocrx_word' id='word_1_17' title='bbox 731 341 824 429; x_wconf 93' lang='grc' dir='ltr'><strong><em>δίκην</em></strong></span> <span class='ocrx_word' id='word_1_18' title='bbox 841 337 925 425; x_wconf 82' lang='grc' dir='ltr'><strong><em>εἶχεν</em></strong></span> <span class='ocrx_word' id='word_1_19' title='bbox 948 335 995 408; x_wconf 81' lang='grc' dir='ltr'><strong><em>ὦν</em></strong></span> <span class='ocrx_word' id='word_1_20' title='bbox 1016 337 1118 430; x_wconf 83' lang='grc' dir='ltr'><em>ἡμεῖς</em></span> <span class='ocrx_word' id='word_1_21' title='bbox 1143 342 1233 411; x_wconf 88' lang='grc' dir='ltr'><strong><em>δικα-</em></strong></span> 
     </span>
     <span class='ocr_line' id='line_1_4' title="bbox 152 437 1234 532; baseline 0.003 -22"><span class='ocrx_word' id='word_1_22' title='bbox 152 443 290 527; x_wconf 86' lang='grc' dir='ltr'><strong><em>ζόμεθα,</em></strong></span> <span class='ocrx_word' id='word_1_23' title='bbox 314 438 391 510; x_wconf 72' lang='grc' dir='ltr'><strong><em>ἀλλ’</em></strong></span> <span class='ocrx_word' id='word_1_24' title='bbox 410 445 443 512; x_wconf 80' lang='grc' dir='ltr'><strong><em>οἱ</em></strong></span> <span class='ocrx_word' id='word_1_25' title='bbox 465 440 560 532; x_wconf 87' lang='grc' dir='ltr'><strong><em>παρά</em></strong></span> <span class='ocrx_word' id='word_1_26' title='bbox 582 442 701 510; x_wconf 84' lang='grc' dir='ltr'><strong><em>τούτου</em></strong></span> <span class='ocrx_word' id='word_1_27' title='bbox 723 437 905 529; x_wconf 88' lang='grc' dir='ltr'><strong><em>πριάμενοι</em></strong></span> <span class='ocrx_word' id='word_1_28' title='bbox 926 444 983 509; x_wconf 83' lang='grc' dir='ltr'><strong><em>καὶ</em></strong></span> <span class='ocrx_word' id='word_1_29' title='bbox 1004 446 1164 528; x_wconf 86' lang='grc' dir='ltr'><strong><em>θέμενοι,</em></strong></span> <span class='ocrx_word' id='word_1_30' title='bbox 1188 444 1234 525; x_wconf 82' lang='grc' dir='ltr'><strong><em>οίς</em></strong></span> 
     </span>
     <span class='ocr_line' id='line_1_5' title="bbox 151 537 1232 667; baseline 0.003 -56"><span class='ocrx_word' id='word_1_31' title='bbox 151 544 220 612; x_wconf 80' lang='grc' dir='ltr'><strong><em>ἐ’δει</em></strong></span> <span class='ocrx_word' id='word_1_32' title='bbox 243 539 344 614; x_wconf 87' lang='grc' dir='ltr'><strong><em>αῦτδν</em></strong></span> <span class='ocrx_word' id='word_1_33' title='bbox 367 540 542 614; x_wconf 86' lang='grc' dir='ltr'><strong><em>άποδόντα</em></strong></span> <span class='ocrx_word' id='word_1_34' title='bbox 562 543 622 667; x_wconf 80' lang='grc' dir='ltr'><strong><em>τήν</em></strong></span> <span class='ocrx_word' id='word_1_35' title='bbox 636 544 735 634; x_wconf 88' lang='grc' dir='ltr'><strong><em>τιμήν</em></strong></span> <span class='ocrx_word' id='word_1_36' title='bbox 757 541 837 633; x_wconf 88' lang='grc' dir='ltr'><strong><em>ήμῖν</em></strong></span> <span class='ocrx_word' id='word_1_37' title='bbox 858 543 900 610; x_wconf 86' lang='grc' dir='ltr'><strong><em>τὰ</em></strong></span> <span class='ocrx_word' id='word_1_38' title='bbox 921 549 1005 635; x_wconf 90' lang='grc' dir='ltr'><strong><em>μέρη</em></strong></span> <span class='ocrx_word' id='word_1_39' title='bbox 1028 537 1232 614; x_wconf 85' lang='grc' dir='ltr'><strong><em>διποδοῦναι.</em></strong></span> 
     </span>
     <span class='ocr_line' id='line_1_6' title="bbox 98 638 1232 770; baseline 0.005 -60"><span class='ocrx_word' id='word_1_40' title='bbox 98 655 136 710; x_wconf 91' lang='grc'><strong><em>22</em></strong></span> <span class='ocrx_word' id='word_1_41' title='bbox 151 644 208 713; x_wconf 87' lang='grc' dir='ltr'><strong><em>διδ</em></strong></span> <span class='ocrx_word' id='word_1_42' title='bbox 229 651 335 714; x_wconf 84' lang='grc' dir='ltr'><strong><em>ταῦτα</em></strong></span> <span class='ocrx_word' id='word_1_43' title='bbox 363 646 425 736; x_wconf 86' lang='grc' dir='ltr'><strong><em>γὰρ</em></strong></span> <span class='ocrx_word' id='word_1_44' title='bbox 454 651 511 715; x_wconf 82' lang='grc' dir='ltr'><strong><em>καί</em></strong></span> <span class='ocrx_word' id='word_1_45' title='bbox 531 644 610 724; x_wconf 86' lang='grc' dir='ltr'><strong><em>τοῦς</em></strong></span> <span class='ocrx_word' id='word_1_46' title='bbox 638 646 795 768; x_wconf 76' lang='grc' dir='ltr'><strong><em>ἐγγυητάς</em></strong></span> <span class='ocrx_word' id='word_1_47' title='bbox 816 671 888 734; x_wconf 90' lang='grc' dir='ltr'><strong><em>παρ</em></strong></span> <span class='ocrx_word' id='word_1_48' title='bbox 929 638 1032 713; x_wconf 85' lang='grc' dir='ltr'><strong><em>αῦτοῦ</em></strong></span> <span class='ocrx_word' id='word_1_49' title='bbox 1058 647 1232 770; x_wconf 77' lang='grc' dir='ltr'><strong><em>ἐλάβομεν,</em></strong></span> 
     </span>
    </p>
   </div>
   <div class='ocr_carea' id='block_1_3' title="bbox 149 844 1232 1074">
    <p class='ocr_par' dir='ltr' id='par_1_3' title="bbox 149 844 1232 1074">
     <span class='ocr_line' id='line_1_7' title="bbox 150 844 1232 970; baseline 0.001 -53"><span class='ocrx_word' id='word_1_50' title='bbox 150 851 242 919; x_wconf 83' lang='grc' dir='ltr'><strong><em>δυοῖν</em></strong></span> <span class='ocrx_word' id='word_1_51' title='bbox 265 851 421 919; x_wconf 86' lang='grc' dir='ltr'><strong><em>οἰκιδίοιν</em></strong></span> <span class='ocrx_word' id='word_1_52' title='bbox 436 850 499 930; x_wconf 72' lang='grc' dir='ltr'><strong><em>ἔξω</em></strong></span> <span class='ocrx_word' id='word_1_53' title='bbox 513 856 642 934; x_wconf 85' lang='grc' dir='ltr'><strong><em>τείχους</em></strong></span> <span class='ocrx_word' id='word_1_54' title='bbox 656 876 711 917; x_wconf 91' lang='grc' dir='ltr'><strong><em>και</em></strong></span> <span class='ocrx_word' id='word_1_55' title='bbox 702 844 898 939; x_wconf 80' lang='grc' dir='ltr'><strong><em>(άγροῦ)ί</em></strong></span> <span class='ocrx_word' id='word_1_56' title='bbox 901 876 918 916; x_wconf 93' lang='grc' dir='ltr'><strong><em>ν</em></strong></span> <span class='ocrx_word' id='word_1_57' title='bbox 932 850 1021 916; x_wconf 90' lang='grc' dir='ltr'><strong><em>Πεδ</em></strong></span> <span class='ocrx_word' id='word_1_58' title='bbox 1008 856 1049 970; x_wconf 81' lang='grc' dir='ltr'><strong><em>ίφ</em></strong></span> <span class='ocrx_word' id='word_1_59' title='bbox 1073 848 1232 939; x_wconf 81' lang='grc' dir='ltr'><strong><em>εξήκοντο</em></strong></span> 
     </span>
     <span class='ocr_line' id='line_1_8' title="bbox 149 945 1231 1074; baseline 0.002 -57"><span class='ocrx_word' id='word_1_60' title='bbox 149 955 311 1037; x_wconf 89' lang='grc' dir='ltr'><strong><em>πλέθρων</em></strong></span> <span class='ocrx_word' id='word_1_61' title='bbox 333 947 429 1020; x_wconf 80' lang='grc' dir='ltr'><strong><em>οῦδὲν</em></strong></span> <span class='ocrx_word' id='word_1_62' title='bbox 450 957 689 1038; x_wconf 87' lang='grc' dir='ltr'><strong><em>κεκομίσμεθα,</em></strong></span> <span class='ocrx_word' id='word_1_63' title='bbox 714 945 788 1018; x_wconf 88' lang='grc' dir='ltr'><strong><em>άλλ</em></strong></span> <span class='ocrx_word' id='word_1_64' title='bbox 811 953 845 1018; x_wconf 77' lang='grc' dir='ltr'><strong><em>οἱ</em></strong></span> <span class='ocrx_word' id='word_1_65' title='bbox 866 949 960 1040; x_wconf 86' lang='grc' dir='ltr'><strong><em>παρά</em></strong></span> <span class='ocrx_word' id='word_1_66' title='bbox 982 950 1105 1019; x_wconf 82' lang='grc' dir='ltr'><strong><em>τούτου</em></strong></span> <span class='ocrx_word' id='word_1_67' title='bbox 1128 957 1231 1074; x_wconf 60' lang='grc' dir='ltr'><strong><em>θέμρ</em></strong></span> 
     </span>
    </p>
   </div>
   <div class='ocr_carea' id='block_1_4' title="bbox 89 1151 1230 3164">
    <p class='ocr_par' dir='ltr' id='par_1_4' title="bbox 147 1151 1230 1450">
     <span class='ocr_line' id='line_1_9' title="bbox 147 1151 1230 1245; baseline 0.001 -22"><span class='ocrx_word' id='word_1_68' title='bbox 147 1154 193 1244; x_wconf 85' lang='grc' dir='ltr'><strong><em>μή</em></strong></span> <span class='ocrx_word' id='word_1_69' title='bbox 217 1151 374 1245; x_wconf 83' lang='grc' dir='ltr'><strong><em>ῦφλωμεν</em></strong></span> <span class='ocrx_word' id='word_1_70' title='bbox 397 1156 500 1235; x_wconf 89' lang='grc' dir='ltr'><strong><em>δίκας</em></strong></span> <span class='ocrx_word' id='word_1_71' title='bbox 536 1158 593 1223; x_wconf 90' lang='grc' dir='ltr'><strong><em>καὶ</em></strong></span> <span class='ocrx_word' id='word_1_72' title='bbox 614 1154 677 1243; x_wconf 87' lang='grc' dir='ltr'><strong><em>γὰρ</em></strong></span> <span class='ocrx_word' id='word_1_73' title='bbox 692 1161 862 1236; x_wconf 86' lang='grc' dir='ltr'><strong><em>Μικίωνα,</em></strong></span> <span class='ocrx_word' id='word_1_74' title='bbox 884 1155 1074 1234; x_wconf 86' lang='grc' dir='ltr'><strong><em>κελεύοντος</em></strong></span> <span class='ocrx_word' id='word_1_75' title='bbox 1088 1163 1230 1224; x_wconf 89' lang='grc' dir='ltr'><strong><em>Δικαω-</em></strong></span> 
     </span>
     <span class='ocr_line' id='line_1_10' title="bbox 147 1255 1230 1346; baseline 0.002 -23"><span class='ocrx_word' id='word_1_76' title='bbox 147 1262 261 1343; x_wconf 84' lang='grc' dir='ltr'><strong><em>γένους</em></strong></span> <span class='ocrx_word' id='word_1_77' title='bbox 292 1261 348 1324; x_wconf 87' lang='grc' dir='ltr'><strong><em>καὶ</em></strong></span> <span class='ocrx_word' id='word_1_78' title='bbox 376 1256 564 1346; x_wconf 89' lang='grc' dir='ltr'><strong><em>φάσκοντος</em></strong></span> <span class='ocrx_word' id='word_1_79' title='bbox 584 1257 658 1345; x_wconf 87' lang='grc' dir='ltr'><strong><em>(μή)</em></strong></span> <span class='ocrx_word' id='word_1_80' title='bbox 678 1257 928 1343; x_wconf 82' lang='grc' dir='ltr'><strong><em>βεβαιώσειν,ε</em></strong></span> <span class='ocrx_word' id='word_1_81' title='bbox 913 1255 1086 1344; x_wconf 78' lang='grc' dir='ltr'><strong><em>ἐξάγοντες</em></strong></span> <span class='ocrx_word' id='word_1_82' title='bbox 1109 1256 1145 1325; x_wconf 76' lang='grc' dir='ltr'><strong><em>ἐκ</em></strong></span> <span class='ocrx_word' id='word_1_83' title='bbox 1173 1262 1230 1325; x_wconf 87' lang='grc' dir='ltr'><strong><em>τοῦ</em></strong></span> 
     </span>
     <span class='ocr_line' id='line_1_11' title="bbox 147 1354 1227 1481; baseline 0.001 -56"><span class='ocrx_word' id='word_1_84' title='bbox 147 1361 327 1444; x_wconf 83' lang='grc' dir='ltr'><strong><em>βαλανείου</em></strong></span> <span class='ocrx_word' id='word_1_85' title='bbox 350 1354 507 1449; x_wconf 80' lang='grc' dir='ltr'><strong><em>ωφλομεν</em></strong></span> <span class='ocrx_word' id='word_1_86' title='bbox 528 1359 772 1448; x_wconf 88' lang='grc' dir='ltr'><strong><em>τετταράκοντα</em></strong></span> <span class='ocrx_word' id='word_1_87' title='bbox 787 1363 873 1442; x_wconf 85' lang='grc' dir='ltr'><strong><em>μνᾶς</em></strong></span> <span class='ocrx_word' id='word_1_88' title='bbox 895 1358 951 1426; x_wconf 89' lang='grc' dir='ltr'><strong><em>διά</em></strong></span> <span class='ocrx_word' id='word_1_89' title='bbox 966 1357 1227 1481; x_wconf 80' lang='grc' dir='ltr'><strong><em>Δικαιογένη,ιί</em></strong></span> 
     </span>
    </p>

    <p class='ocr_par' dir='ltr' id='par_1_5' title="bbox 97 1452 1228 2057">
     <span class='ocr_line' id='line_1_12' title="bbox 97 1452 1228 1587; baseline 0.001 -60"><span class='ocrx_word' id='word_1_90' title='bbox 97 1470 135 1527; x_wconf 74' lang='grc'><strong><em>23</em></strong></span> <span class='ocrx_word' id='word_1_91' title='bbox 150 1458 277 1587; x_wconf 74' lang='grc' dir='ltr'><strong><em>ἄνδρες.</em></strong></span> <span class='ocrx_word' id='word_1_92' title='bbox 326 1457 421 1581; x_wconf 75' lang='grc' dir='ltr'><strong><em>ήγοῦγ</em></strong></span> <span class='ocrx_word' id='word_1_93' title='bbox 407 1487 504 1545; x_wconf 88' lang='grc' dir='ltr'><strong><em>μενοι</em></strong></span> <span class='ocrx_word' id='word_1_94' title='bbox 531 1461 594 1548; x_wconf 86' lang='grc' dir='ltr'><strong><em>γὰρ</em></strong></span> <span class='ocrx_word' id='word_1_95' title='bbox 623 1456 681 1528; x_wconf 86' lang='grc' dir='ltr'><strong><em>σῦκ</em></strong></span> <span class='ocrx_word' id='word_1_96' title='bbox 710 1452 750 1526; x_wconf 82' lang='grc' dir='ltr'><strong><em>άν</em></strong></span> <span class='ocrx_word' id='word_1_97' title='bbox 779 1454 881 1527; x_wconf 89' lang='grc' dir='ltr'><strong><em>αῦτδν</em></strong></span> <span class='ocrx_word' id='word_1_98' title='bbox 908 1458 1112 1546; x_wconf 76' lang='grc' dir='ltr'><strong><em>βεβαιώσειν</em></strong></span> <span class='ocrx_word' id='word_1_99' title='bbox 1135 1455 1228 1529; x_wconf 80' lang='grc' dir='ltr'><strong><em>οῦδὲν</em></strong></span> 
     </span>
     <span class='ocr_line' id='line_1_13' title="bbox 148 1556 1228 1652; baseline 0.002 -24"><span class='ocrx_word' id='word_1_100' title='bbox 148 1558 195 1630; x_wconf 80' lang='grc' dir='ltr'><strong><em>ὦν</em></strong></span> <span class='ocrx_word' id='word_1_101' title='bbox 215 1558 295 1649; x_wconf 79' lang='grc' dir='ltr'><strong><em>ἡμῖν</em></strong></span> <span class='ocrx_word' id='word_1_102' title='bbox 318 1556 485 1652; x_wconf 76' lang='grc' dir='ltr'><strong><em>ἇπέστη’</em></strong></span> <span class='ocrx_word' id='word_1_103' title='bbox 471 1589 505 1630; x_wconf 92' lang='grc' dir='ltr'><strong><em>εν</em></strong></span> <span class='ocrx_word' id='word_1_104' title='bbox 526 1567 575 1650; x_wconf 76' lang='grc' dir='ltr'><em>τηῖ</em></span> <span class='ocrx_word' id='word_1_105' title='bbox 597 1562 815 1651; x_wconf 83' lang='grc' dir='ltr'><strong><em>δικαστηρίῳ,</em></strong></span> <span class='ocrx_word' id='word_1_106' title='bbox 843 1560 1122 1648; x_wconf 85' lang='grc' dir='ltr'><strong><em>διισχυριζόμεθα</em></strong></span> <span class='ocrx_word' id='word_1_107' title='bbox 1143 1561 1228 1650; x_wconf 81' lang='grc' dir='ltr'><strong><em>πρὸς</em></strong></span> 
     </span>
     <span class='ocr_line' id='line_1_14' title="bbox 147 1658 1227 1747; baseline 0.001 -16"><span class='ocrx_word' id='word_1_108' title='bbox 147 1670 309 1732; x_wconf 85' lang='grc' dir='ltr'><strong><em>Μικίωνα</em></strong></span> <span class='ocrx_word' id='word_1_109' title='bbox 325 1663 474 1731; x_wconf 75' lang='grc' dir='ltr'><strong><em>ἐναντίον</em></strong></span> <span class='ocrx_word' id='word_1_110' title='bbox 486 1668 553 1731; x_wconf 85' lang='grc' dir='ltr'><strong><em>τιῦν</em></strong></span> <span class='ocrx_word' id='word_1_111' title='bbox 568 1664 744 1744; x_wconf 83' lang='grc' dir='ltr'><strong><em>δικαστῶν,</em></strong></span> <span class='ocrx_word' id='word_1_112' title='bbox 760 1662 935 1741; x_wconf 72' lang='grc' dir='ltr'><strong><em>ἐθέλοντες</em></strong></span> <span class='ocrx_word' id='word_1_113' title='bbox 950 1658 1064 1730; x_wconf 80' lang='grc' dir='ltr'><strong><em>ὁτιοῦν</em></strong></span> <span class='ocrx_word' id='word_1_114' title='bbox 1074 1663 1227 1747; x_wconf 80' lang='grc' dir='ltr'><strong><em>πάσχειν,</em></strong></span> 
     </span>
     <span class='ocr_line' id='line_1_15' title="bbox 148 1758 1226 1854; baseline -0.001 -20"><span class='ocrx_word' id='word_1_115' title='bbox 148 1767 178 1834; x_wconf 86' lang='grc' dir='ltr'><strong><em>εἰ</em></strong></span> <span class='ocrx_word' id='word_1_116' title='bbox 207 1766 425 1854; x_wconf 82' lang='grc' dir='ltr'><strong><em>βεβαιώσειεν</em></strong></span> <span class='ocrx_word' id='word_1_117' title='bbox 454 1758 545 1850; x_wconf 77' lang='grc' dir='ltr'><strong><em>αὐτῷ</em></strong></span> <span class='ocrx_word' id='word_1_118' title='bbox 565 1770 784 1854; x_wconf 87' lang='grc' dir='ltr'><strong><em>Δικαιογένης</em></strong></span> <span class='ocrx_word' id='word_1_119' title='bbox 813 1764 851 1832; x_wconf 86' lang='grc' dir='ltr'><strong><em>τδ</em></strong></span> <span class='ocrx_word' id='word_1_120' title='bbox 878 1767 1068 1851; x_wconf 80' lang='grc' dir='ltr'><strong><em>βαλανεῖον,</em></strong></span> <span class='ocrx_word' id='word_1_121' title='bbox 1100 1759 1161 1833; x_wconf 87' lang='grc' dir='ltr'><strong><em>οῦκ</em></strong></span> <span class='ocrx_word' id='word_1_122' title='bbox 1189 1761 1226 1833; x_wconf 85' lang='grc' dir='ltr'><strong><em>άν</em></strong></span> 
     </span>
     <span class='ocr_line' id='line_1_16' title="bbox 147 1860 1226 1955; baseline 0.001 -21"><span class='ocrx_word' id='word_1_123' title='bbox 147 1894 233 1936; x_wconf 88' lang='grc' dir='ltr'><strong><em>ποτε</em></strong></span> <span class='ocrx_word' id='word_1_124' title='bbox 254 1868 404 1954; x_wconf 79' lang='grc' dir='ltr'><strong><em>οἰόμενοι</em></strong></span> <span class='ocrx_word' id='word_1_125' title='bbox 434 1860 535 1933; x_wconf 85' lang='grc' dir='ltr'><strong><em>αῦτδν</em></strong></span> <span class='ocrx_word' id='word_1_126' title='bbox 564 1865 699 1934; x_wconf 79' lang='grc' dir='ltr'><strong><em>ἐναντία</em></strong></span> <span class='ocrx_word' id='word_1_127' title='bbox 729 1867 780 1947; x_wconf 80' lang='grc' dir='ltr'><strong><em>οἷς</em></strong></span> <span class='ocrx_word' id='word_1_128' title='bbox 802 1862 997 1955; x_wconf 70' lang='grc' dir='ltr'><strong><em>οῦμολδγησε</em></strong></span> <span class='ocrx_word' id='word_1_129' title='bbox 1018 1866 1167 1953; x_wconf 82' lang='grc' dir='ltr'><strong><em>πρᾶξαι,</em></strong></span> <span class='ocrx_word' id='word_1_130' title='bbox 1190 1861 1226 1935; x_wconf 85' lang='grc' dir='ltr'><strong><em>οῦ</em></strong></span> 
     </span>
     <span class='ocr_line' id='line_1_17' title="bbox 147 1958 1225 2057; baseline -0.002 -22"><span class='ocrx_word' id='word_1_131' title='bbox 147 1964 192 2035; x_wconf 73' lang='grc' dir='ltr'><strong><em>δι’</em></strong></span> <span class='ocrx_word' id='word_1_132' title='bbox 208 1963 283 2035; x_wconf 80' lang='grc' dir='ltr'><strong><em>άλλ’</em></strong></span> <span class='ocrx_word' id='word_1_133' title='bbox 299 1962 396 2035; x_wconf 81' lang='grc' dir='ltr'><strong><em>οῦδὲν</em></strong></span> <span class='ocrx_word' id='word_1_134' title='bbox 410 1958 432 2057; x_wconf 83' lang='grc' dir='ltr'><strong><em>ή</em></strong></span> <span class='ocrx_word' id='word_1_135' title='bbox 448 1967 505 2034; x_wconf 87' lang='grc' dir='ltr'><strong><em>διά</em></strong></span> <span class='ocrx_word' id='word_1_136' title='bbox 520 1967 597 2047; x_wconf 82' lang='grc' dir='ltr'><strong><em>τοῦς</em></strong></span> <span class='ocrx_word' id='word_1_137' title='bbox 613 1965 778 2057; x_wconf 77' lang='grc' dir='ltr'><strong><em>ἐγγυητάς,</em></strong></span> <span class='ocrx_word' id='word_1_138' title='bbox 794 1961 849 2036; x_wconf 79' lang='grc' dir='ltr'><strong><em>δτι</em></strong></span> <span class='ocrx_word' id='word_1_139' title='bbox 861 1968 1130 2057; x_wconf 85' lang='grc' dir='ltr'><strong><em>καθειστήκεσαν</em></strong></span> <span class='ocrx_word' id='word_1_140' title='bbox 1140 1965 1225 2057; x_wconf 79' lang='grc' dir='ltr'><strong><em>ἡμῖν.</em></strong></span> 
     </span>
    </p>

    <p class='ocr_par' dir='ltr' id='par_1_6' title="bbox 92 2064 1226 2568">
     <span class='ocr_line' id='line_1_18' title="bbox 92 2064 1226 2159; baseline 0.003 -23"><span class='ocrx_word' id='word_1_141' title='bbox 92 2081 131 2137; x_wconf 80' lang='grc'><strong><em>24</em></strong></span> <span class='ocrx_word' id='word_1_142' title='bbox 147 2065 301 2147; x_wconf 87' lang='grc' dir='ltr'><strong><em>άποστάς</em></strong></span> <span class='ocrx_word' id='word_1_143' title='bbox 317 2070 353 2135; x_wconf 80' lang='grc' dir='ltr'><strong><em>δὲ</em></strong></span> <span class='ocrx_word' id='word_1_144' title='bbox 367 2075 586 2157; x_wconf 86' lang='grc' dir='ltr'><strong><em>Δικαιογένης</em></strong></span> <span class='ocrx_word' id='word_1_145' title='bbox 601 2070 718 2157; x_wconf 88' lang='grc' dir='ltr'><strong><em>[ταῦτα</em></strong></span> <span class='ocrx_word' id='word_1_146' title='bbox 732 2069 774 2136; x_wconf 89' lang='grc' dir='ltr'><strong><em>τά</em></strong></span> <span class='ocrx_word' id='word_1_147' title='bbox 790 2069 890 2159; x_wconf 62' lang='grc' dir='ltr'><strong><em>μίρηή</em></strong></span> <span class='ocrx_word' id='word_1_148' title='bbox 902 2064 948 2137; x_wconf 79' lang='grc' dir='ltr'><strong><em>ιῧν</em></strong></span> <span class='ocrx_word' id='word_1_149' title='bbox 959 2073 1016 2136; x_wconf 80' lang='grc' dir='ltr'><strong><em>καί</em></strong></span> <span class='ocrx_word' id='word_1_150' title='bbox 1031 2074 1088 2137; x_wconf 88' lang='grc' dir='ltr'><strong><em>νῦν</em></strong></span> <span class='ocrx_word' id='word_1_151' title='bbox 1103 2066 1226 2156; x_wconf 87' lang='grc' dir='ltr'><strong><em>δμολο·</em></strong></span> 
     </span>
     <span class='ocr_line' id='line_1_19' title="bbox 143 2167 1225 2262; baseline -0.001 -23"><span class='ocrx_word' id='word_1_152' title='bbox 143 2187 196 2260; x_wconf 92' lang='grc' dir='ltr'><strong><em>γεῖ</em></strong></span> <span class='ocrx_word' id='word_1_153' title='bbox 210 2167 399 2262; x_wconf 86' lang='grc' dir='ltr'><strong><em>άφεστάναι</em></strong></span> <span class='ocrx_word' id='word_1_154' title='bbox 413 2167 502 2260; x_wconf 78' lang='grc' dir='ltr'><strong><em>ἡμῖν,</em></strong></span> <span class='ocrx_word' id='word_1_155' title='bbox 526 2170 710 2257; x_wconf 76' lang='grc' dir='ltr'><strong><em>ἐβεβαίωσε</em></strong></span> <span class='ocrx_word' id='word_1_156' title='bbox 723 2178 877 2240; x_wconf 86' lang='grc' dir='ltr'><strong><em>Μικίωνι</em></strong></span> <span class='ocrx_word' id='word_1_157' title='bbox 890 2171 928 2239; x_wconf 86' lang='grc' dir='ltr'><strong><em>τὸ</em></strong></span> <span class='ocrx_word' id='word_1_158' title='bbox 951 2174 1142 2257; x_wconf 83' lang='grc' dir='ltr'><strong><em>βαλανεῖον.</em></strong></span> <span class='ocrx_word' id='word_1_159' title='bbox 1171 2176 1225 2240; x_wconf 82' lang='grc' dir='ltr'><strong><em>καί</em></strong></span> 
     </span>
     <span class='ocr_line' id='line_1_20' title="bbox 144 2265 1224 2363; baseline 0 -23"><span class='ocrx_word' id='word_1_160' title='bbox 144 2273 206 2361; x_wconf 73' lang='grc' dir='ltr'><strong><em>ἐγώ</em></strong></span> <span class='ocrx_word' id='word_1_161' title='bbox 222 2275 283 2358; x_wconf 82' lang='grc' dir='ltr'><strong><em>μὲν</em></strong></span> <span class='ocrx_word' id='word_1_162' title='bbox 298 2269 315 2341; x_wconf 90' lang='grc' dir='ltr'><strong><em>δ</em></strong></span> <span class='ocrx_word' id='word_1_163' title='bbox 334 2267 457 2353; x_wconf 84' lang='grc' dir='ltr'><strong><em>άθλιος</em></strong></span> <span class='ocrx_word' id='word_1_164' title='bbox 473 2267 531 2357; x_wconf 85' lang='grc' dir='ltr'><strong><em>οῦχ</em></strong></span> <span class='ocrx_word' id='word_1_165' title='bbox 545 2265 641 2352; x_wconf 75' lang='grc' dir='ltr'><strong><em>ὅπως</em></strong></span> <span class='ocrx_word' id='word_1_166' title='bbox 655 2299 690 2340; x_wconf 90' lang='grc' dir='ltr'><strong><em>τι</em></strong></span> <span class='ocrx_word' id='word_1_167' title='bbox 705 2271 740 2339; x_wconf 78' lang='grc' dir='ltr'><strong><em>ἐκ</em></strong></span> <span class='ocrx_word' id='word_1_168' title='bbox 753 2278 814 2341; x_wconf 89' lang='grc' dir='ltr'><strong><em>τοῦ</em></strong></span> <span class='ocrx_word' id='word_1_169' title='bbox 827 2273 949 2362; x_wconf 81' lang='grc' dir='ltr'><strong><em>κλήρου</em></strong></span> <span class='ocrx_word' id='word_1_170' title='bbox 966 2273 1124 2363; x_wconf 83' lang='grc' dir='ltr'><strong><em>εἰληφώς,</em></strong></span> <span class='ocrx_word' id='word_1_171' title='bbox 1142 2269 1224 2342; x_wconf 84' lang='grc' dir='ltr'><strong><em>άλλδ</em></strong></span> 
     </span>
     <span class='ocr_line' id='line_1_21' title="bbox 142 2369 1224 2465; baseline 0.003 -24"><span class='ocrx_word' id='word_1_172' title='bbox 142 2374 460 2465; x_wconf 83' lang='grc' dir='ltr'><strong><em>προσαπολωλεκιδς</em></strong></span> <span class='ocrx_word' id='word_1_173' title='bbox 487 2375 731 2463; x_wconf 87' lang='grc' dir='ltr'><strong><em>τετταράκοντα</em></strong></span> <span class='ocrx_word' id='word_1_174' title='bbox 755 2379 850 2462; x_wconf 84' lang='grc' dir='ltr'><strong><em>μνάς,</em></strong></span> <span class='ocrx_word' id='word_1_175' title='bbox 877 2369 998 2463; x_wconf 87' lang='grc' dir='ltr'><strong><em>άπήειν</em></strong></span> <span class='ocrx_word' id='word_1_176' title='bbox 1027 2371 1224 2465; x_wconf 72' lang='grc' dir='ltr'><strong><em>ὑβρισμένος</em></strong></span> 
     </span>
     <span class='ocr_line' id='line_1_22' title="bbox 142 2472 1224 2568; baseline 0.005 -26"><span class='ocrx_word' id='word_1_177' title='bbox 142 2475 208 2546; x_wconf 86' lang='grc' dir='ltr'><strong><em>ῦπδ</em></strong></span> <span class='ocrx_word' id='word_1_178' title='bbox 221 2482 535 2564; x_wconf 86' lang='grc' dir='ltr'><strong><em>τοῦΔικαιογένοος.</em></strong></span> <span class='ocrx_word' id='word_1_179' title='bbox 550 2475 744 2543; x_wconf 82' lang='grc' dir='ltr'><strong><em>καὶτούτων</em></strong></span> <span class='ocrx_word' id='word_1_180' title='bbox 754 2473 832 2561; x_wconf 81' lang='grc' dir='ltr'><strong><em>ὑμῖν</em></strong></span> <span class='ocrx_word' id='word_1_181' title='bbox 842 2472 1012 2566; x_wconf 86' lang='grc' dir='ltr'><strong><em>μάρτυρας</em></strong></span> <span class='ocrx_word' id='word_1_182' title='bbox 1022 2479 1224 2568; x_wconf 88' lang='grc' dir='ltr'><strong><em>παρέξομαι</em></strong></span> 
     </span>
    </p>

    <p class='ocr_par' dir='ltr' id='par_1_7' title="bbox 574 2581 797 2633">
     <span class='ocr_line' id='line_1_23' title="bbox 574 2581 797 2633; baseline 0 -1"><span class='ocrx_word' id='word_1_183' title='bbox 574 2581 797 2633; x_wconf 83' lang='grc' dir='ltr'><strong>ΜΑΡΤΥΡΕΣ.</strong></span> 
     </span>
    </p>

    <p class='ocr_par' dir='ltr' id='par_1_8' title="bbox 89 2648 1222 3164">
     <span class='ocr_line' id='line_1_24' title="bbox 89 2648 1222 2793; baseline 0.004 -61"><span class='ocrx_word' id='word_1_184' title='bbox 89 2674 127 2732; x_wconf 78' lang='grc'><strong><em>26</em></strong></span> <span class='ocrx_word' id='word_1_185' title='bbox 232 2667 346 2729; x_wconf 91' lang='grc' dir='ltr'><strong><em>Ταῦτα</em></strong></span> <span class='ocrx_word' id='word_1_186' title='bbox 368 2663 428 2783; x_wconf 81' lang='grc' dir='ltr'><strong><em>μὲν</em></strong></span> <span class='ocrx_word' id='word_1_187' title='bbox 446 2659 703 2783; x_wconf 79' lang='grc' dir='ltr'><strong><em>πεπήνθαμεν</em></strong></span> <span class='ocrx_word' id='word_1_188' title='bbox 685 2689 752 2730; x_wconf 86' lang='grc' dir='ltr'><strong><em>οπο</em></strong></span> <span class='ocrx_word' id='word_1_189' title='bbox 742 2653 1066 2754; x_wconf 86' lang='grc' dir='ltr'><strong><em>Δικαιογένσος,</em></strong></span> <span class='ocrx_word' id='word_1_190' title='bbox 1039 2694 1066 2732; x_wconf 92' lang='grc' dir='ltr'><strong><em>ω</em></strong></span> <span class='ocrx_word' id='word_1_191' title='bbox 1091 2648 1222 2793; x_wconf 82' lang='grc' dir='ltr'><strong><em>άνδρες</em></strong></span> 
     </span>
     <span class='ocr_line' id='line_1_25' title="bbox 141 2757 1220 2891; baseline 0.007 -60"><span class='ocrx_word' id='word_1_192' title='bbox 141 2792 158 2831; x_wconf 95' lang='grc' dir='ltr'><strong><em>ο</em></strong></span> <span class='ocrx_word' id='word_1_193' title='bbox 148 2760 251 2830; x_wconf 69' lang='grc' dir='ltr'><strong><em>Η’δ</em></strong></span> <span class='ocrx_word' id='word_1_194' title='bbox 237 2763 391 2891; x_wconf 71' lang='grc' dir='ltr'><strong><em>εγγρησάρ</em></strong></span> <span class='ocrx_word' id='word_1_195' title='bbox 378 2789 477 2849; x_wconf 89' lang='grc' dir='ltr'><strong><em>μενος</em></strong></span> <span class='ocrx_word' id='word_1_196' title='bbox 500 2757 803 2857; x_wconf 86' lang='grc' dir='ltr'><strong><em>αῦτδνΛεωχάρης</em></strong></span> <span class='ocrx_word' id='word_1_197' title='bbox 823 2771 879 2835; x_wconf 83' lang='grc' dir='ltr'><strong><em>καὶ</em></strong></span> <span class='ocrx_word' id='word_1_198' title='bbox 901 2795 968 2836; x_wconf 86' lang='grc' dir='ltr'><strong><em>των</em></strong></span> <span class='ocrx_word' id='word_1_199' title='bbox 986 2769 1126 2838; x_wconf 84' lang='grc' dir='ltr'><strong><em>πάντων</em></strong></span> <span class='ocrx_word' id='word_1_200' title='bbox 1143 2768 1220 2860; x_wconf 87' lang='grc' dir='ltr'><strong><em>ήμῑν</em></strong></span> 
     </span>
     <span class='ocr_line' id='line_1_26' title="bbox 139 2860 1220 2960; baseline 0.006 -28"><span class='ocrx_word' id='word_1_201' title='bbox 139 2869 247 2932; x_wconf 80' lang='grc' dir='ltr'><strong><em>κακῶν</em></strong></span> <span class='ocrx_word' id='word_1_202' title='bbox 278 2865 386 2944; x_wconf 85' lang='grc' dir='ltr'><strong><em>α’ίτιος</em></strong></span> <span class='ocrx_word' id='word_1_203' title='bbox 416 2860 456 2932; x_wconf 84' lang='grc' dir='ltr'><strong><em>οῦ</em></strong></span> <span class='ocrx_word' id='word_1_204' title='bbox 484 2889 587 2956; x_wconf 91' lang='grc' dir='ltr'><strong><em>φησιν</em></strong></span> <span class='ocrx_word' id='word_1_205' title='bbox 617 2866 890 2956; x_wconf 77' lang='grc' dir='ltr'><strong><em>ἒγγοήσασθαι“</em></strong></span> <span class='ocrx_word' id='word_1_206' title='bbox 870 2898 891 2936; x_wconf 93' lang='grc' dir='ltr'><strong><em>α</em></strong></span> <span class='ocrx_word' id='word_1_207' title='bbox 918 2886 1220 2960; x_wconf 76' lang='grc' dir='ltr'><strong><em>καταμαρτυρεῑται</em></strong></span> 
     </span>
     <span class='ocr_line' id='line_1_27' title="bbox 141 2962 1218 3097; baseline 0.006 -64"><span class='ocrx_word' id='word_1_208' title='bbox 141 2962 259 3049; x_wconf 78' lang='grc' dir='ltr'><strong><em>αὐτοῦ,</em></strong></span> <span class='ocrx_word' id='word_1_209' title='bbox 288 2993 343 3035; x_wconf 93' lang='grc' dir='ltr'><strong><em>οτι</em></strong></span> <span class='ocrx_word' id='word_1_210' title='bbox 370 2967 404 3034; x_wconf 78' lang='grc' dir='ltr'><strong><em>ἐν</em></strong></span> <span class='ocrx_word' id='word_1_211' title='bbox 431 2972 481 3055; x_wconf 85' lang='grc' dir='ltr'><strong><em>τιῦ</em></strong></span> <span class='ocrx_word' id='word_1_212' title='bbox 507 2975 723 3058; x_wconf 75' lang='grc' dir='ltr'><strong><em>γραμματείῳ</em></strong></span> <span class='ocrx_word' id='word_1_213' title='bbox 751 2996 798 3057; x_wconf 86' lang='grc' dir='ltr'><strong><em>τιι</em></strong></span> <span class='ocrx_word' id='word_1_214' title='bbox 829 2971 887 3038; x_wconf 86' lang='grc' dir='ltr'><strong><em>επὶ</em></strong></span> <span class='ocrx_word' id='word_1_215' title='bbox 916 2977 977 3040; x_wconf 90' lang='grc' dir='ltr'><strong><em>τοῦ</em></strong></span> <span class='ocrx_word' id='word_1_216' title='bbox 1005 2974 1218 3097; x_wconf 78' lang='grc' dir='ltr'><strong><em>δικαστηρίου</em></strong></span> 
     </span>
     <span class='ocr_line' id='line_1_28' title="bbox 138 3034 1217 3164; baseline 0.007 -30"><span class='ocrx_word' id='word_1_217' title='bbox 138 3073 300 3157; x_wconf 78' lang='grc' dir='ltr'><strong><em>γραφέντι</em></strong></span> <span class='ocrx_word' id='word_1_218' title='bbox 323 3062 381 3136; x_wconf 86' lang='grc' dir='ltr'><strong><em>οῦκ</em></strong></span> <span class='ocrx_word' id='word_1_219' title='bbox 403 3071 475 3137; x_wconf 91' lang='grc' dir='ltr'><strong><em>εστι</em></strong></span> <span class='ocrx_word' id='word_1_220' title='bbox 495 3075 611 3139; x_wconf 88' lang='grc' dir='ltr'><strong><em>ταῦτα.</em></strong></span> <span class='ocrx_word' id='word_1_221' title='bbox 654 3068 751 3159; x_wconf 80' lang='grc' dir='ltr'><strong><em>ἡμεῖς</em></strong></span> <span class='ocrx_word' id='word_1_222' title='bbox 773 3034 824 3156; x_wconf 88' lang='grc' dir='ltr'><strong><em>δέ,</em></strong></span> <span class='ocrx_word' id='word_1_223' title='bbox 848 3100 873 3138; x_wconf 91' lang='grc' dir='ltr'><strong><em>ω</em></strong></span> <span class='ocrx_word' id='word_1_224' title='bbox 860 3058 1030 3164; x_wconf 77' lang='grc' dir='ltr'><strong><em>ἄνδρες,</em></strong></span> <span class='ocrx_word' id='word_1_225' title='bbox 1059 3077 1121 3144; x_wconf 87' lang='grc' dir='ltr'><strong><em>τότ</em></strong></span> <span class='ocrx_word' id='word_1_226' title='bbox 1123 3071 1217 3144; x_wconf 74' lang='grc' dir='ltr'><strong><em>’ἐπὶ</em></strong></span> 
     </span>
    </p>
   </div>
   <div class='ocr_carea' id='block_1_5' title="bbox 137 3170 1216 3267">
    <p class='ocr_par' dir='ltr' id='par_1_9' title="bbox 137 3170 1216 3267">
     <span class='ocr_line' id='line_1_29' title="bbox 137 3170 1216 3267; baseline 0.008 -31"><span class='ocrx_word' id='word_1_227' title='bbox 137 3174 198 3236; x_wconf 91' lang='grc' dir='ltr'><strong><em>τοῦ</em></strong></span> <span class='ocrx_word' id='word_1_228' title='bbox 217 3170 367 3260; x_wconf 79' lang='grc' dir='ltr'><strong><em>βήματος</em></strong></span> <span class='ocrx_word' id='word_1_229' title='bbox 390 3173 649 3253; x_wconf 84' lang='grc' dir='ltr'><strong><em>σπεύδοντες</em></strong></span> <span class='ocrx_word' id='word_1_230' title='bbox 612 3201 654 3240; x_wconf 91' lang='grc' dir='ltr'><strong><em>τα</em></strong></span> <span class='ocrx_word' id='word_1_231' title='bbox 675 3176 736 3258; x_wconf 83' lang='grc' dir='ltr'><strong><em>μὲν</em></strong></span> <span class='ocrx_word' id='word_1_232' title='bbox 758 3173 904 3262; x_wconf 74' lang='grc' dir='ltr'><strong><em>έγράψαι</em></strong></span> <span class='ocrx_word' id='word_1_233' title='bbox 905 3202 961 3259; x_wconf 87' lang='grc' dir='ltr'><strong><em>ιεν,</em></strong></span> <span class='ocrx_word' id='word_1_234' title='bbox 984 3182 1053 3244; x_wconf 85' lang='grc' dir='ltr'><strong><em>τιῦν</em></strong></span> <span class='ocrx_word' id='word_1_235' title='bbox 1074 3178 1110 3245; x_wconf 79' lang='grc' dir='ltr'><strong><em>δέ</em></strong></span> <span class='ocrx_word' id='word_1_236' title='bbox 1132 3178 1216 3267; x_wconf 88' lang='grc' dir='ltr'><strong><em>μάρ-</em></strong></span> 
     </span>
    </p>
   </div>
   <div class='ocr_carea' id='block_1_6' title="bbox 134 3322 1214 3898">
    <p class='ocr_par' dir='ltr' id='par_1_10' title="bbox 134 3322 1214 3898">
     <span class='ocr_line' id='line_1_30' title="bbox 205 3322 1214 3397; baseline 0.006 -18"><span class='ocrx_word' id='word_1_237' title='bbox 205 3325 250 3380; x_wconf 79' lang='grc'><strong><em>22.</em></strong></span> <span class='ocrx_word' id='word_1_238' title='bbox 270 3331 285 3379; x_wconf 89' lang='grc'>2</span> <span class='ocrx_word' id='word_1_239' title='bbox 303 3331 349 3379; x_wconf 80' lang='grc' dir='ltr'><strong><em>καί</em></strong></span> <span class='ocrx_word' id='word_1_240' title='bbox 367 3325 492 3394; x_wconf 82' lang='grc' dir='ltr'><strong><em>ποιήσειν</em></strong></span> <span class='ocrx_word' id='word_1_241' title='bbox 504 3328 566 3380; x_wconf 89' lang='lat' dir='ltr'><strong>Rsk.</strong></span> <span class='ocrx_word' id='word_1_242' title='bbox 583 3333 645 3380; x_wconf 85' lang='lat'><strong><em>-3</em></strong></span> <span class='ocrx_word' id='word_1_243' title='bbox 663 3322 747 3397; x_wconf 81' lang='grc' dir='ltr'><strong><em>ἀγροῦ</em></strong></span> <span class='ocrx_word' id='word_1_244' title='bbox 765 3326 823 3379; x_wconf 83' lang='grc' dir='ltr'><strong><em>εδδ.</em></strong></span> <span class='ocrx_word' id='word_1_245' title='bbox 841 3329 873 3381; x_wconf 84' lang='grc' dir='ltr'><strong><em>δε</em></strong></span> <span class='ocrx_word' id='word_1_246' title='bbox 890 3346 948 3382; x_wconf 87' lang='lat' dir='ltr'><strong><em>meo</em></strong></span> <span class='ocrx_word' id='word_1_247' title='bbox 965 3360 1000 3369; x_wconf 93' lang='lat'>—</span> <span class='ocrx_word' id='word_1_248' title='bbox 1017 3336 1032 3384; x_wconf 78' lang='lat'>5</span> <span class='ocrx_word' id='word_1_249' title='bbox 1051 3326 1100 3382; x_wconf 80' lang='grc' dir='ltr'><strong><em>οὐκ</em></strong></span> <span class='ocrx_word' id='word_1_250' title='bbox 1115 3348 1179 3385; x_wconf 80' lang='lat' dir='ltr'><strong>corr.</strong></span> <span class='ocrx_word' id='word_1_251' title='bbox 1192 3336 1214 3394; x_wconf 92' lang='lat'><strong><em>1,</em></strong></span> 
     </span>
     <span class='ocr_line' id='line_1_31' title="bbox 138 3403 1213 3481; baseline 0.005 -20"><span class='ocrx_word' id='word_1_252' title='bbox 138 3403 185 3462; x_wconf 78' lang='lat' dir='ltr'><strong><em>.&#39;.u</em></strong></span> <span class='ocrx_word' id='word_1_253' title='bbox 203 3428 240 3478; x_wconf 91' lang='lat' dir='ltr'><strong><em>pr.</em></strong></span> <span class='ocrx_word' id='word_1_254' title='bbox 258 3441 292 3450; x_wconf 94' lang='lat'><em>-</em></span> <span class='ocrx_word' id='word_1_255' title='bbox 310 3407 452 3480; x_wconf 73' lang='grc' dir='ltr'><strong><em>δεδίαμενε</em></strong></span> <span class='ocrx_word' id='word_1_256' title='bbox 471 3429 519 3465; x_wconf 82' lang='lat' dir='ltr'><strong><em>em.</em></strong></span> <span class='ocrx_word' id='word_1_257' title='bbox 533 3412 595 3465; x_wconf 79' lang='lat' dir='ltr'><strong>Gob.</strong></span> <span class='ocrx_word' id='word_1_258' title='bbox 613 3442 646 3450; x_wconf 93' lang='lat'>—</span> <span class='ocrx_word' id='word_1_259' title='bbox 664 3417 681 3464; x_wconf 88' lang='grc'><strong>6</strong></span> <span class='ocrx_word' id='word_1_260' title='bbox 698 3417 838 3480; x_wconf 84' lang='grc' dir='ltr'><strong><em>μηκίωνα;</em></strong></span> <span class='ocrx_word' id='word_1_261' title='bbox 857 3430 907 3467; x_wconf 85' lang='lat' dir='ltr'><strong><em>em.</em></strong></span> <span class='ocrx_word' id='word_1_262' title='bbox 919 3414 993 3480; x_wconf 82' lang='lat' dir='ltr'>Rsk‚;</span> <span class='ocrx_word' id='word_1_263' title='bbox 1011 3417 1074 3469; x_wconf 78' lang='lat' dir='ltr'>ilem</span> <span class='ocrx_word' id='word_1_264' title='bbox 1085 3419 1153 3481; x_wconf 76' lang='lat'>23‚3</span> <span class='ocrx_word' id='word_1_265' title='bbox 1171 3417 1213 3468; x_wconf 83' lang='lat' dir='ltr'><strong><em>uhi</em></strong></span> 
     </span>
     <span class='ocr_line' id='line_1_32' title="bbox 135 3497 1213 3567; baseline 0.006 -21"><span class='ocrx_word' id='word_1_266' title='bbox 135 3500 253 3562; x_wconf 82' lang='grc' dir='ltr'><strong><em>μηνίονα</em></strong></span> <span class='ocrx_word' id='word_1_267' title='bbox 271 3513 317 3563; x_wconf 68' lang='lat' dir='ltr'><strong><em>pr„</em></strong></span> <span class='ocrx_word' id='word_1_268' title='bbox 335 3499 462 3564; x_wconf 84' lang='grc' dir='ltr'><strong><em>μηκίοινα</em></strong></span> <span class='ocrx_word' id='word_1_269' title='bbox 479 3513 543 3550; x_wconf 80' lang='lat' dir='ltr'>corr.</span> <span class='ocrx_word' id='word_1_270' title='bbox 560 3499 583 3560; x_wconf 91' lang='lat'><strong><em>1,</em></strong></span> <span class='ocrx_word' id='word_1_271' title='bbox 601 3501 628 3549; x_wconf 79' lang='lat' dir='ltr'><strong><em>et</em></strong></span> <span class='ocrx_word' id='word_1_272' title='bbox 646 3499 716 3562; x_wconf 79' lang='lat'><strong>24‚2</strong></span> <span class='ocrx_word' id='word_1_273' title='bbox 735 3497 778 3549; x_wconf 87' lang='lat' dir='ltr'><strong><em>ubi</em></strong></span> <span class='ocrx_word' id='word_1_274' title='bbox 796 3497 834 3564; x_wconf 83' lang='grc' dir='ltr'><strong><em>μὴ</em></strong></span> <span class='ocrx_word' id='word_1_275' title='bbox 851 3505 931 3552; x_wconf 85' lang='grc' dir='ltr'><strong><em>κίωνι</em></strong></span> <span class='ocrx_word' id='word_1_276' title='bbox 947 3517 996 3567; x_wconf 67' lang='lat' dir='ltr'><strong><em>pr„</em></strong></span> <span class='ocrx_word' id='word_1_277' title='bbox 1011 3505 1133 3567; x_wconf 83' lang='grc' dir='ltr'><strong><em>μηκίωνι</em></strong></span> <span class='ocrx_word' id='word_1_278' title='bbox 1150 3517 1213 3555; x_wconf 77' lang='lat' dir='ltr'>corr.</span> 
     </span>
     <span class='ocr_line' id='line_1_33' title="bbox 136 3579 1212 3650; baseline 0.003 -17"><span class='ocrx_word' id='word_1_279' title='bbox 136 3610 169 3619; x_wconf 87' lang='lat'>-</span> <span class='ocrx_word' id='word_1_280' title='bbox 188 3585 202 3633; x_wconf 77' lang='grc' dir='ltr'><strong><em>’ί</em></strong></span> <span class='ocrx_word' id='word_1_281' title='bbox 221 3579 259 3647; x_wconf 84' lang='grc' dir='ltr'><strong><em>μὴ</em></strong></span> <span class='ocrx_word' id='word_1_282' title='bbox 276 3582 334 3634; x_wconf 84' lang='lat' dir='ltr'><strong>add.</strong></span> <span class='ocrx_word' id='word_1_283' title='bbox 351 3582 410 3635; x_wconf 79' lang='lat' dir='ltr'><strong>Ald.</strong></span> <span class='ocrx_word' id='word_1_284' title='bbox 433 3608 466 3621; x_wconf 87' lang='lat'><strong><em>—·</em></strong></span> <span class='ocrx_word' id='word_1_285' title='bbox 489 3579 649 3649; x_wconf 80' lang='grc' dir='ltr'><strong><em>ίξάΙγοντσε.</em></strong></span> <span class='ocrx_word' id='word_1_286' title='bbox 725 3580 770 3637; x_wconf 76' lang='grc'><strong><em>23.</em></strong></span> <span class='ocrx_word' id='word_1_287' title='bbox 791 3587 802 3637; x_wconf 87' lang='lat'>1</span> <span class='ocrx_word' id='word_1_288' title='bbox 822 3585 979 3650; x_wconf 76' lang='grc' dir='ltr'><strong><em>βεβαιῶσαι</em></strong></span> <span class='ocrx_word' id='word_1_289' title='bbox 996 3585 1058 3639; x_wconf 80' lang='lat' dir='ltr'><strong>Nbr.</strong></span> <span class='ocrx_word' id='word_1_290' title='bbox 1075 3615 1109 3625; x_wconf 89' lang='lat'><strong><em>——</em></strong></span> <span class='ocrx_word' id='word_1_291' title='bbox 1132 3580 1212 3639; x_wconf 75' lang='grc' dir='ltr'><strong><em>οὐδὲν</em></strong></span> 
     </span>
     <span class='ocr_line' id='line_1_34' title="bbox 134 3657 1211 3739; baseline 0.009 -23"><span class='ocrx_word' id='word_1_292' title='bbox 134 3666 205 3718; x_wconf 76' lang='lat' dir='ltr'><strong>Ald.:</strong></span> <span class='ocrx_word' id='word_1_293' title='bbox 223 3661 287 3718; x_wconf 73' lang='grc' dir='ltr'><strong><em>οὐδὲ</em></strong></span> <span class='ocrx_word' id='word_1_294' title='bbox 304 3696 337 3707; x_wconf 89' lang='grc'>-</span> <span class='ocrx_word' id='word_1_295' title='bbox 356 3671 380 3720; x_wconf 82' lang='grc'><strong><em>5.</em></strong></span> <span class='ocrx_word' id='word_1_296' title='bbox 392 3669 408 3719; x_wconf 92' lang='grc'><strong>6</strong></span> <span class='ocrx_word' id='word_1_297' title='bbox 420 3659 452 3717; x_wconf 80' lang='grc' dir='ltr'><strong><em>οῦ</em></strong></span> <span class='ocrx_word' id='word_1_298' title='bbox 465 3660 503 3717; x_wconf 59' lang='grc' dir='ltr'><strong><em>δι)</em></strong></span> <span class='ocrx_word' id='word_1_299' title='bbox 517 3665 591 3717; x_wconf 78' lang='lat' dir='ltr'>Ald.=</span> <span class='ocrx_word' id='word_1_300' title='bbox 608 3657 678 3718; x_wconf 78' lang='grc' dir='ltr'><strong><em>οὐδ’.</em></strong></span> <span class='ocrx_word' id='word_1_301' title='bbox 731 3664 776 3721; x_wconf 82' lang='lat'><strong><em>24.</em></strong></span> <span class='ocrx_word' id='word_1_302' title='bbox 797 3673 808 3722; x_wconf 84' lang='lat'>1</span> <span class='ocrx_word' id='word_1_303' title='bbox 829 3671 909 3736; x_wconf 75' lang='lat' dir='ltr'><strong>gloss.</strong></span> <span class='ocrx_word' id='word_1_304' title='bbox 921 3669 972 3722; x_wconf 84' lang='lat' dir='ltr'><strong>del.</strong></span> <span class='ocrx_word' id='word_1_305' title='bbox 985 3670 1043 3724; x_wconf 69' lang='lat' dir='ltr'><strong><em>nbc.</em></strong></span> <span class='ocrx_word' id='word_1_306' title='bbox 1054 3700 1091 3711; x_wconf 91' lang='lat'><strong><em>·-</em></strong></span> <span class='ocrx_word' id='word_1_307' title='bbox 1102 3676 1119 3725; x_wconf 84' lang='grc'>4</span> <span class='ocrx_word' id='word_1_308' title='bbox 1130 3686 1211 3739; x_wconf 80' lang='grc' dir='ltr'><strong><em>προσ·</em></strong></span> 
     </span>
     <span class='ocr_line' id='line_1_35' title="bbox 135 3746 1172 3819; baseline 0.008 -19"><span class='ocrx_word' id='word_1_309' title='bbox 135 3746 329 3802; x_wconf 75' lang='grc' dir='ltr'><strong><em>απολωλεκιδει</em></strong></span> <span class='ocrx_word' id='word_1_310' title='bbox 347 3751 388 3802; x_wconf 88' lang='grc' dir='ltr'><strong><em>α2</em></strong></span> <span class='ocrx_word' id='word_1_311' title='bbox 406 3765 421 3801; x_wconf 86' lang='lat' dir='ltr'>e</span> <span class='ocrx_word' id='word_1_312' title='bbox 439 3765 502 3803; x_wconf 80' lang='lat' dir='ltr'><strong>corr.</strong></span> <span class='ocrx_word' id='word_1_313' title='bbox 524 3753 536 3802; x_wconf 94' lang='lat'>1</span> <span class='ocrx_word' id='word_1_314' title='bbox 556 3778 590 3789; x_wconf 92' lang='lat'><strong><em>—-</em></strong></span> <span class='ocrx_word' id='word_1_315' title='bbox 608 3753 623 3803; x_wconf 90' lang='grc'><strong>6</strong></span> <span class='ocrx_word' id='word_1_316' title='bbox 643 3750 682 3802; x_wconf 79' lang='lat' dir='ltr'><strong>tit.</strong></span> <span class='ocrx_word' id='word_1_317' title='bbox 700 3752 726 3803; x_wconf 86' lang='lat' dir='ltr'><strong><em>in</em></strong></span> <span class='ocrx_word' id='word_1_318' title='bbox 745 3767 795 3818; x_wconf 82' lang='lat' dir='ltr'><strong><em>mg.</em></strong></span> <span class='ocrx_word' id='word_1_319' title='bbox 817 3757 826 3807; x_wconf 87' lang='lat'>1</span> <span class='ocrx_word' id='word_1_320' title='bbox 847 3759 908 3819; x_wconf 82' lang='lat' dir='ltr'><strong>post</strong></span> <span class='ocrx_word' id='word_1_321' title='bbox 924 3750 979 3807; x_wconf 77' lang='grc' dir='ltr'><strong><em>ὑπὸ</em></strong></span> <span class='ocrx_word' id='word_1_322' title='bbox 997 3752 1070 3807; x_wconf 81' lang='grc' dir='ltr'><strong><em>διναι</em></strong></span> <span class='ocrx_word' id='word_1_323' title='bbox 1088 3759 1130 3819; x_wconf 84' lang='grc'><strong><em>26,</em></strong></span> <span class='ocrx_word' id='word_1_324' title='bbox 1150 3761 1172 3808; x_wconf 86' lang='grc'><strong><em>1.</em></strong></span> 
     </span>
     <span class='ocr_line' id='line_1_36' title="bbox 134 3831 589 3898; baseline 0.002 -12"><span class='ocrx_word' id='word_1_325' title='bbox 134 3831 179 3887; x_wconf 79' lang='grc'><strong><em>26.</em></strong></span> <span class='ocrx_word' id='word_1_326' title='bbox 198 3839 212 3886; x_wconf 83' lang='grc'>5</span> <span class='ocrx_word' id='word_1_327' title='bbox 231 3835 292 3885; x_wconf 71' lang='grc' dir='ltr'><strong><em>ἔστι</em></strong></span> <span class='ocrx_word' id='word_1_328' title='bbox 307 3848 355 3898; x_wconf 66' lang='lat' dir='ltr'><strong><em>pr„</em></strong></span> <span class='ocrx_word' id='word_1_329' title='bbox 373 3836 465 3885; x_wconf 71' lang='grc' dir='ltr'><strong><em>ἔνεστι</em></strong></span> <span class='ocrx_word' id='word_1_330' title='bbox 483 3850 546 3887; x_wconf 86' lang='lat' dir='ltr'>corr.</span> <span class='ocrx_word' id='word_1_331' title='bbox 566 3838 589 3887; x_wconf 86' lang='lat'><strong><em>1.</em></strong></span> 
     </span>
    </p>
   </div>
   <div class='ocr_carea' id='block_1_7' title="bbox 0 0 1318 4476">
    <p class='ocr_par' dir='ltr' id='par_1_11' title="bbox 0 0 1318 4476">
     <span class='ocr_line' id='line_1_37' title="bbox 0 0 1318 4476; baseline 0 6"><span class='ocrx_word' id='word_1_332' title='bbox 0 0 1318 4476; x_wconf 95' lang='lat' dir='ltr'><strong><em> </em></strong></span> 
     </span>
    </p>
   </div>
  </div>
 </body>
</html>
