2626 4476
127 229 188 291 108
613 233 720 288 umor
1127 249 1198 295 σεο.

91 409 269 472 4σασθαι.
315 402 391 471 ἐπεὶ
413 397 444 469 δ’
471 402 635 492 ἐκομίσθη
658 402 700 469 τὰ
724 397 808 471 όστᾶ
830 407 889 470 τοῦ
912 395 1071 491 ἆδελφοῦ,
1095 398 1113 470 δ
1140 403 1196 489 μὲν

125 505 418 594 προσποιούμενος
440 505 548 572 πύλαι
569 504 642 583 υἱδς
671 505 942 593 εἰσπεποιήσθαι
964 498 1001 571 οῦ
1025 504 1196 590 προύθετο

126 601 199 675 ούδ’
215 607 357 694 ἐ’θαιγεν,
378 612 382 688 Ι
403 608 436 674 οί
451 608 487 674 δέ
502 609 598 696 φίλοι
608 599 812 697 Ἅστυφίλσυ
823 610 880 675 καὶ
895 607 929 674 οἱ
939 611 1196 696 συστρατιῶται,

126 706 269 798 ὁρῶντες
296 708 353 777 τδν
384 715 514 795 πατέρα
540 706 599 776 τὸν
628 706 708 793 ἐμὸν
731 701 974 798 ἆρρωστοῦντα,
1002 707 1060 794 ἐμὲ
1084 709 1121 777 δέ
1143 703 1197 776 οῦκ

126 811 368 900 ἐπιδημοῦντα,
399 805 495 878 αῦτοὶ
521 812 577 877 καὶ
599 810 790 897 προύθεντο
812 813 869 877 καὶ
896 797 1001 877 τῦλλα
1023 811 1138 878 πάντα
1158 808 1196 877 τὰ

125 912 325 999 νομιζόμενα
353 912 518 1002 ἐποίησαν
544 914 601 979 καὶ
629 910 688 980 τόν
716 912 794 997 ἐμδν
829 919 961 1002 πατέρα
990 907 1196 981 ἀσθενοῦντα

125 1014 183 1082 ἐπὶ
212 1014 250 1082 τὸ
280 1020 392 1104 μνήμα
424 1010 546 1105 ήγαγον
576 1002 611 1082 εῦ
639 1015 767 1093 εἰδότες
796 1009 849 1084 ότι
878 1010 1065 1095 ἀσπάζοιτο
1101 1007 1196 1082 αῦτδν

124 1111 334 1206 Ἀστύφιλος.
371 1116 490 1183 τούτου
514 1108 547 1182 δ’
564 1112 642 1200 ῦμῖν
659 1111 778 1196 αύτούς
799 1117 877 1196 τοῦς
892 1116 1104 1206 ἐπιτηδείους
1125 1116 1197 1217 τρῦς

126 1219 250 1286 ἐκείνου
272 1218 443 1306 μάρτυρας
465 1217 655 1303 παρέξομαι
677 1223 743 1287 τιῦν
765 1215 952 1308 παρόντων.

554 1339 776 1393 ΜΑΡΤῩΡΕΣ.

89 1439 108 1494 5
203 1416 279 1490 Ὅτι
300 1421 361 1506 μὲν
377 1413 435 1488 οῦκ
457 1420 572 1508 ἐθαψε
586 1423 703 1489 Κλέων
723 1418 934 1512 Ἀστύφιλον,
958 1415 1031 1490 ούδ’
1050 1413 1120 1508 (διν)
1143 1417 1196 1490 αῦ-

124 1523 182 1603 τδς
205 1524 340 1612 ’ἔξαρνος
361 1528 489 1610 γένοιτο
512 1524 761 1614 μεμαρτύρηται
782 1551 819 1592 τε
834 1521 926 1610 ύμῖν·
951 1522 1068 1614 ἐπειδὴ
1086 1526 1123 1592 δέ
1140 1524 1195 1592 ἐπ-

125 1627 275 1714 εδήμησα
297 1623 359 1712 ἐγω
383 1628 438 1692 καὶ
460 1619 617 1715 ᾐσθόμην
630 1632 880 1713 καρπουμένους
900 1627 1039 1706 τούτους
1060 1625 1104 1694 τὰ
1119 1626 1196 1695 ἐκεί·

125 1754 192 1810 νου,
209 1780 217 1795 .
235 1779 268 1794 ..
290 1723 307 1794 ῦ
333 1727 369 1793 δὲ
397 1725 471 1805 υἶδς
499 1721 600 1794 αῦτοῦ
622 1734 786 1818 ποιηθείη
809 1725 876 1796 ῦπδ
899 1722 1120 1817 Ἀστυφίλου,
1145 1730 1196 1796 καὶ

124 1829 251 1897 τούτων
274 1829 441 1917 διαθήκας
467 1830 651 1897 καταλίποι
677 1829 772 1917 παρὰ
791 1827 944 1918 Ἱεροκλεῖ
959 1826 1196 1919 Ἡφαιστιύδη.

125 1924 270 2011 ἆκούσας
292 1926 323 1997 δ’
350 1930 412 2018 ἐγώ
442 1933 593 2018 λέγοντος
616 1925 717 1998 αύτοῦ
742 1937 847 1999 ταῦτα
876 1931 1085 2022 ἐπορευόμην
1107 1930 1195 2020 παρὰ

123 2033 182 2101 τὸν
200 2029 371 2122 Ἱεροκλέα,
395 2019 430 2099 εῦ
451 2033 512 2117 μὲν
535 2032 633 2111 εἰδώς
655 2027 708 2102 ότι
730 2031 777 2114 ὥς
800 2033 930 2102 οἷόντε
953 2033 1104 2119 μάλιστα
1126 2033 1197 2102 ἐπι·

89 2135 256 2224 στήδειος
278 2135 329 2224 ε’ίη
352 2135 493 2215 Κλέωνι,
518 2128 575 2217 οῦχ
596 2130 776 2222 ἡγούμενος
799 2130 830 2203 δ’
850 2127 891 2203 όν
914 2128 1014 2203 αῦτὸν
1036 2139 1197 2226 τολμῆσαί

30 2295 35 2301 ,
123 2262 158 2303 τι
179 2235 380 2320 ψεύσασθαι
402 2234 486 2302 κατὰ
500 2229 703 2324 Ἀστυφίλου
718 2238 995 2327 τετελευτηκότος,
1018 2241 1074 2305 καὶ
1098 2243 1197 2306 ταῦτα

124 2343 221 2404 θεῖον
250 2333 331 2404 όντα
357 2341 413 2404 καὶ
442 2336 524 2422 ἐμοῦ
549 2341 605 2406 καὶ
636 2337 771 2408 ἐκείνου.
815 2335 907 2426 ῦμως
935 2341 986 2422 δέ,
1016 2327 1043 2406 τῦ
1074 2336 1196 2431 ἄνδρες,

125 2433 219 2506 οῦδὲν
241 2439 367 2507 τούτων
382 2437 668 2528 ὑπολογισάμενος
683 2439 700 2508 ό
714 2438 883 2532 Ἱεροκλῆς,
907 2441 1123 2529 ἐρωτώμενος
1136 2433 1194 2510 ῦπ’

124 2541 206 2628 ἐμοῦ
235 2536 436 2631 ἀπεκρίνατό
459 2568 519 2627 μοι
547 2536 600 2610 ότι
629 2545 699 2627 ἐχοι
726 2541 787 2622 τὰς
810 2544 993 2633 διαθήκας·
1023 2547 1140 2632 λαβεῖν
1164 2543 1197 2611 δέ

124 2645 188 2735 ἐφη
213 2639 315 2723 αῦτὰς
336 2643 431 2732 παρὰ
453 2638 666 2734 Άστυφίλου,
696 2639 753 2712 ὅτε
778 2646 826 2724 εἰς
848 2646 1045 2736 Μυτιλήνην
1068 2647 1197 2732 ἐμελλεν

125 2745 249 2823 ἐκεῖνος
270 2745 414 2814 ἐκπλεῖν.
456 2742 510 2824 Ὡς
532 2746 568 2813 δέ
590 2740 684 2812 ταῦτ’
702 2747 819 2834 ἐλεγεν,
843 2742 1020 2836 ἆνύγνωθί
1040 2775 1100 2834 μοι
1121 2747 1197 2816 ταῦ·

123 2874 183 2936 την
205 2845 265 2934 τήν
286 2855 472 2935 μαρτυρίαν
495 2841 562 2934 [ὅτι
580 2844 740 2935 Ἱεροκλῆς
763 2842 988 2939 ῦπεκρίνατο].

549 2969 765 3022 MAPTYPIA.

91 3066 107 3122 7
205 3042 339 3139 Ἐπειδή
361 3056 481 3132 τοίνυν,
505 3037 532 3116 ὦ
556 3046 682 3139 ῦνδρες,
706 3048 781 3119 ούτε
802 3052 1075 3140 παραγενόμενος
1093 3049 1198 3134 οῦδεὶς

125 3152 217 3236 ἐτυχε
237 3156 304 3218 τῶν
328 3151 459 3219 οἰκείων
487 3144 543 3219 ῦτε
570 3149 588 3220 ῦ
614 3147 760 3242 ἆδελφδς
788 3152 1007 3244 ἐτελεύτησεν,
1037 3151 1115 3224 οῦτε
1137 3152 1197 3243 ἐγιδ

125 3251 312 3343 ἐπεδήμουν
334 3247 391 3321 ότε
412 3252 454 3320 τὰ
477 3248 562 3321 ὀστᾶ
585 3249 687 3323 αύτοῦ
710 3256 805 3344 δεῦρο
821 3254 997 3346 ἐκομίσθη,
1021 3249 1197 3346 ἀναγκαῖόν

123 3361 184 3440 μοί
212 3354 302 3424 ἐστιν
332 3354 368 3435 ἐξ
398 3349 507 3423 αῦταῦν
534 3350 581 3423 ὦν
604 3351 697 3425 οὗτοι
719 3359 869 3444 λέγουσιν
892 3357 1034 3446 ἐλέγχειν
1062 3360 1197 3445 ψευδεῖς

210 3556 236 3612 4.
255 3561 270 3611 3
287 3558 410 3612 έθα..εν
421 3575 467 3626 με,
479 3577 503 3629 ψ
514 3563 540 3615 in
552 3577 601 3614 ras.
617 3565 628 3614 1
648 3591 682 3601 -
699 3560 727 3613 οἱ
739 3554 813 3613 Ἀττ.
825 3561 872 3614 Bk.
891 3591 925 3601 -
943 3565 957 3612 ῖ
976 3555 1115 3628 ἠσπάζετο
1127 3563 1197 3617 Fuhs.

208 3643 235 3698 ὃ.
256 3647 268 3697 1
288 3638 324 3695 ἂν
341 3644 398 3699 εδδ.
416 3644 464 3698 Bk.
489 3674 524 3686 ·-
547 3651 563 3701 4
581 3650 607 3698 et
625 3652 684 3699 εαῑε
702 3639 717 3698 o‘
735 3662 756 3698 s.
772 3662 798 3698 v.
817 3652 843 3699 εί
864 3647 891 3700 in
914 3662 965 3714 mg.
985 3651 1072 3700 ternas
1092 3647 1197 3700 ΙίαεοΙεε

124 3728 181 3783 εδδ,
209 3734 236 3782 l:
260 3728 309 3781 lac.
331 3729 384 3782 ind.
406 3728 466 3783 θοι.
490 3760 521 3769 -
547 3736 561 3782 5
585 3728 690 3800 ἱεροκλῆ
713 3747 760 3798 μα,
782 3746 846 3785 εστι.
872 3736 884 3784 1
908 3761 943 3772 -
966 3725 1129 3800 ἡφαιστίδηε
1151 3747 1196 3785 em.

123 3811 251 3867 Meursius
267 3842 302 3854 -
320 3817 337 3868 6
353 3808 483 3868 ἀκούσαι.
501 3811 556 3887 έγι)
569 3831 621 3883 pr.;
640 3831 704 3868 eras.
717 3815 769 3870 vid.
782 3811 821 3879 δ’,
840 3816 908 3883 quod
921 3816 1021 3869 restitui
1039 3820 1102 3870 -8
1120 3813 1198 3869 αλιο-

123 3902 184 3951 νίου
205 3915 252 3968 pn,
275 3914 339 3952 corr.
358 3902 382 3953 2.
468 3901 494 3956 6.
513 3904 529 3954 3
552 3899 730 3953 θεῖον..οντα
748 3914 794 3967 pr„
819 3915 883 3954 corr.
908 3904 924 3953 2
949 3929 983 3941 -
1004 3905 1021 3956 8
1044 3903 1125 3970 gloss.
1149 3900 1196 3953 del.

122 3982 185 4038 nuk.
