2626 4476
91 266 113 314 ῃ,
126 255 159 296 49.
359 232 434 287 ΠΕΡΙ
452 231 517 285 ΤΟΥ
533 232 759 299 ΝΙΚΟΣΤΡΑΤΟΥ
776 236 914 290 ΚΛΗΡΟΥ.
1130 238 1168 297 51

92 408 191 473 τοῦτο
213 402 276 490 γάρ
307 404 343 471 οἵ
361 429 398 471 τε
421 403 520 488 νόμοι
541 399 747 492 ὑφηγοῦνται
768 408 825 472 καλ
853 405 1067 475 δικαιότατόν
1089 407 1170 478 ἐστι.

92 506 141 625 μη
170 509 289 595 σαφῶς
319 506 355 572 δὲ
380 499 459 594 μήτ’
487 500 608 584 αῦτοῦς
633 504 692 594 τὴν
723 501 888 596 ἀληθειαν
916 509 1064 592 εἰδότας,
1087 510 1170 600 μήτε
1184 524 1223 580 28

92 613 160 676 τιῦν
180 608 358 696 μαρτύρων
379 627 439 676 του
425 607 710 698 τελευτήσαντος
732 608 968 699 ἒπιτηδείων”
948 620 1063 697 οντων,
1086 608 1171 681 άλλά

92 711 270 799 Χαριάδοο
298 715 358 778 τοῦ
385 705 567 797 τάλλότρια
593 713 798 796 βουλομένου
827 715 957 798 λαβεῖν,
985 722 1021 782 τί
1049 705 1091 784 άν
1120 717 1170 806 ειή

93 802 348 980 δικαιότερην
327 838 347 934 η
376 827 449 892 τοῖς
477 817 645 899 συγγενέσι
666 811 709 880 τά
731 818 791 880 τοῦ
813 821 987 933 συγγενοῦς
1014 823 1110 936 ψηφλ
1111 840 1172 885 σα-

93 919 199 998 σθαις
220 917 277 983 καὶ
299 913 363 1002 γάρ
376 940 406 981 ει
396 914 501 983 οἵδε
515 940 549 982 τι
564 914 708 1000 ἐ’παθον,
731 909 887 984 οῦδενὶ’
865 944 906 984 αν
922 909 1052 1006 άλλιο”
1031 946 1051 1008 η
1067 928 1171 987 Νικο

93 1016 226 1105 στρότφ
253 1015 296 1083 τά
325 1017 451 1085 τούτων
473 1016 617 1104 ἐγένετο·
644 1016 729 1084 κατά
751 1017 825 1107 γάρΙ
840 1017 878 1087 τδ
911 1014 991 1088 αῦτδ
1014 1027 1108 1108 γένος
1131 1012 1171 1089 ῦν

91 1111 309 1207 ἠμφεσβήτει,
333 1112 475 1206 άνεψιδς
496 1110 544 1187 οῦν
566 1114 681 1198 αῦτοῖς
703 1120 738 1188 ἐκ
752 1124 1009 1212 πατραδέλφων.
1045 1123 1093 1208 μὰ
1107 1119 1168 1193 Δί’
1184 1139 1223 1194 24

92 1215 169 1287 ἄλλ’
188 1215 246 1288 οῦκ
267 1220 359 1289 ἔστιν
380 1217 399 1289 ό
422 1214 548 1308 Ἅγνων
570 1216 643 1289 οὔδ’
669 1218 884 1309 δἈγνόθεος
905 1230 965 1292 τοῦ
983 1226 1172 1314 Νικοστρά*

91 1348 150 1389 του
174 1323 338 1412 συγγενής,
361 1320 408 1404 ιῦς
424 1325 457 1391 οἱ
480 1317 645 1392 ἀντίδικοί
666 1347 781 1413 φασιν,
806 1320 881 1393 ἀλλ’
902 1327 1018 1415 ἕτεροι.
1053 1329 1172 1397 ἔπειτα

91 1426 148 1511 τῷ
161 1426 222 1510 μὲν
243 1426 327 1493 κατὰ
349 1425 410 1516 τὴν
433 1425 527 1493 δόσιν
548 1430 609 1495 τοῦ
630 1427 751 1515 κλήρου
780 1429 915 1511 λαχόντι
936 1434 1170 1519 μαρτυροῦσιν,
1219 1450 1223 1494 ῖ

94 1523 191 1595 αὐτοὶ
213 1529 249 1596 δὲ
263 1528 347 1595 κατὰ
362 1528 400 1596 τό
421 1534 517 1649 γένος
532 1522 590 1596 οῦκ
606 1524 937 1618 άμφισβητήσουσιν,·
956 1535 961 1615 Ι
981 1527 1019 1599 οῦ
1041 1531 1104 1619 γάρ
1124 1533 1172 1611 εἰς

93 1629 191 1696 τοῦτό
206 1655 250 1750 γε
271 1624 432 1711 άνολας’
417 1626 553 1721 η’κουσιν
575 1625 661 1698 ὥστε
683 1633 925 1710 πιστεύσαντες
950 1647 1024 1711 ταῖς
1047 1635 1171 1722 διαθη-

93 1757 173 1810 καις
185 1726 290 1812 οῦτως
311 1735 390 1823 ῥηιδλ
391 1760 436 1814 ως
450 1735 619 1805 τοσοότιον
638 1735 817 1832 χρημάτων
833 1730 882 1825 άφ
886 1742 1047 1804 λ.στανται
1086 1731 1171 1805 ῦλλά

92 1832 158 1954 μην
179 1838 236 1902 καὶ
258 1831 335 1914 ἐξ
307 1863 354 1903 ων
377 1830 472 1904 αῦτοὶ
488 1831 584 1929 οὗτοι
597 1840 739 1924 λέγουσι,
762 1838 882 1905 τούσδε
895 1853 967 1917 τοῖς
985 1845 1173 1926 συγγενέσιν

94 1930 208 2016 αὐτοῖς
230 1937 501 2007 ἐπιδικάσασθαι
523 1924 687 2029 συμφέρει
708 1944 774 2008 τῶν
797 1939 1028 2028 Νικοστράτου
1045 1943 1172 2025 μάλλον

92 2065 111 2123 η
97 2029 316 2129 ”Χαριάδην.
354 2042 402 2120 εἰς
422 2041 486 2130 γάρ
501 2041 560 2109 τόν
576 2041 696 2110 λοιπδν
716 2043 845 2131 χρόνον,
870 2043 899 2109 εἰ
921 2044 982 2127 μὲν
997 2043 1069 2111 οἵδε
1086 2042 1171 2110 κατά
1184 2055 1222 2112 25

93 2140 131 2206 τὸ
162 2147 255 2228 γένος
283 2137 571 2234 ἀμφισβητοῦντες
600 2144 768 2233 λήψονται
795 2143 853 2212 τὸν
881 2147 1011 2232 κλῆρον,
1040 2143 1173 2223 ἐξέσται

92 2246 150 2311 καὶ
172 2244 319 2326 τούτοις,
347 2242 477 2314 ὁπόταν
497 2247 702 2332 βούλωνται,
730 2246 815 2314 κατά
837 2247 874 2316 τδ
899 2253 993 2334 γένος
1015 2250 1172 2332 λαχοῦσιν

93 2343 301 2425 ἐπιδεῖξαιί
283 2361 361 2431 υμῖν
384 2344 429 2426 ὥς
445 2342 542 2416 αῦτοὶ
563 2347 763 2437 ἐγγυτέρω’
745 2372 831 2437 ησαν
853 2376 911 2417 του
898 2350 1171 2438 Νικοστράτου,
1275 2365 1282 2386 ‘

91 2451 148 2515 καὶ
171 2445 217 2527 τός
238 2455 383 2538 Σμίκρου
404 2438 445 2539 ἦν
466 2454 523 2518 καὶ
546 2444 584 2518 οῦ
603 2450 878 2537 Θρασυμάχου”
864 2450 921 2519 εὰν
944 2452 980 2518 δὲ
995 2453 1173 2541 Χαριάδης

93 2545 204 2617 αὐτῶν
230 2552 478 2640 κληρονομήση,
514 2546 572 2621 οῦκ
600 2552 697 2620 ’ἐσται
727 2547 837 2620 οῦδενὶ
868 2567 1016 2640 συγγενεῖ
1044 2552 1101 2620 ἐπὶ
1128 2553 1171 2620 τά

93 2653 324 2741 Νικοστράτου
347 2653 472 2723 ἐλθεῖν.
513 2656 597 2723 κατά
622 2656 716 2723 δόσιν
738 2655 801 2743 γάρ
823 2655 955 2738 ἐ’χοντος
976 2658 1037 2722 τοῦ
1059 2654 1186 2722 ἔπιδε,

93 2759 302 2842 δικασμένου,
325 2764 361 2824 τί
383 2760 568 2845 φανοῦνται
591 2760 740 2844 λέγοντες
753 2759 787 2825 οἱ
801 2757 885 2825 κατὰ
902 2755 965 2845 [τό]
985 2761 1079 2844 γένος
1094 2759 1173 2844 λαγ-

89 2860 266 2944 χάνοντεςς
843 2928 846 2934 .

171 2955 278 3049 Ὅπερ
301 2951 342 3028 άν
365 2946 422 3031 οῦν
443 2963 501 3028 καὶ
521 2957 613 3045 ῦμιῦν
636 2961 773 3040 ἕκαστος
796 2955 966 3042 άξιιόσειε,
995 2965 1095 3028 τοῦτο
1117 2964 1224 3031 nam

92 3066 244 3133 τουτοισὶ
265 3075 337 3141 τοῖς
353 3068 537 3140 νεανίσκοις
557 3062 777 3148 βεβαιώσατε.
814 3068 1021 3148 παρέσχοντο
1046 3055 1078 3128 δ>
1096 3059 1173 3146 ὑμῖν

92 3165 264 3253 μάρτυρος
286 3168 422 3250 πρῶτον
443 3164 504 3248 μὲν
526 3160 573 3240 ὠς
599 3159 737 3249 ἀνεψιοί
761 3164 845 3232 εἰσιν
868 3163 903 3230 ἐκ
925 3164 1173 3253 πατραδέλφων

93 3265 334 3352 Νικοστράτου,
357 3264 477 3333 ἔπειτα
500 3265 536 3332 δὲ
559 3261 605 3344 ὥς
627 3260 848 3333 οῦδεπώποτε
876 3263 989 3353 ἐκείνην
1012 3266 1174 3355 διάφοροι

92 3355 188 3456 ἦσαν,
211 3367 262 3434 ἔτι
285 3366 320 3434 δὲ
343 3369 397 3434 καὶ
426 3363 473 3445 ὥς
494 3366 635 3450 ἔθαψαν
656 3366 898 3453 Νικόστρατον,
926 3366 1015 3457 πρὸς
1038 3369 1073 3434 δὲ
1095 3367 1173 3434 τοό-

93 3493 167 3547 τοις
188 3463 234 3546 ὥς
255 3468 432 3557 Χαριάδης
453 3464 569 3535 οῦτοσὶ
592 3462 747 3552 οὐδαμῶς
774 3461 846 3534 οῦτ)
873 3467 996 3536 ἐνθάδε
1017 3463 1087 3536 οὔτ’
1114 3467 1173 3535 ἐπὶ

164 3641 178 3688 ἰ’
198 3631 341 3706 ἦγοῦνταιι
361 3653 409 3689 em.
428 3636 546 3692 Schoem.
621 3635 667 3692 28·
686 3642 701 3691 3
720 3630 755 3688 ἂν
773 3636 813 3702 εἴη
831 3636 907 3689 Rsk.:
931 3633 965 3688 ἄν
982 3656 1061 3690 τι-
1085 3641 1103 3692 4
1120 3654 1173 3707 ψη·

94 3721 233 3791 φί..σθαι
250 3738 299 3790 pr„
318 3723 346 3788 ζο
363 3723 388 3774 in
402 3738 451 3776 ras.
466 3727 477 3777 1
498 3752 532 3763 —
550 3727 566 3777 6
584 3723 723 3793 λγένοντοε
742 3738 791 3775 em.
808 3722 857 3775 Bk.
874 3752 908 3763 -
925 3722 972 3777 24.
991 3727 1005 3776 3
1024 3727 1173 3794 σνγγενεῐτι

95 3823 146 3860 em.
165 3805 254 3874 Steph.
273 3837 304 3846 —
324 3813 340 3862 9
359 3811 434 3879 φέροι
451 3824 499 3875 pr„
518 3824 571 3876 σομ
589 3809 615 3860 in
627 3823 678 3875 mg.
693 3812 716 3861 1.
786 3805 832 3862 252
852 3811 863 3861 1
884 3807 908 3859 εἰ
926 3823 990 3860 corr.
1005 3811 1027 3872 1,
1045 3805 1073 3860 οἱ
1088 3824 1173 3875 pr.-

94 3896 120 3959 7„
139 3895 155 3944 8
173 3887 432 3960 ἐπιδεδικασμένου
450 3909 487 3960 pr.
505 3922 537 3932 —
558 3888 622 3947 8τδ
640 3907 698 3945 s.v.
711 3897 739 3945 1:
758 3892 808 3945 del.
827 3891 901 3953 Fuhr.
960 3891 1005 3955 26.
1025 3896 1036 3945 l
1055 3896 1174 3944 atalante

93 3971 176 4044 ῦμοῦν
194 3990 214 4027 s·
227 3991 251 4028 v.
267 3980 279 4029 1
298 4007 331 4016 —
350 3983 365 4030 4
384 3978 482 4043 ἐκεῖνοι
497 4007 531 4016 -
550 3980 566 4030 6
583 3971 645 4029 οὐδ’
665 3972 782 4029 wasa:
801 3993 850 4031 em.
868 3977 916 4030 Bk.

948 4063 986 4114 4*
