2626 4476
146 110 208 171 102
634 111 742 165 {mor
1160 123 1227 167 σεε.

146 308 203 349 νου
224 274 404 368 γεγονότες.
445 283 521 356 πώς
541 280 623 368 γάρ,·
646 282 678 347 οἱ
701 278 845 367 μὲνγὰρ
867 273 1088 364 ὀνομάζονται
1111 300 1226 364 συγγε·

146 396 222 464 νεῖς,
246 383 279 448 οἱ
302 374 332 447 δ’
351 380 479 467 ἔκγονοι
500 384 560 447 τοῦ
574 381 840 469 τελευτήσαντος,
864 375 903 447 οὗ
925 379 991 468 μήν
1011 373 1086 446 ἀλλ’
1106 377 1225 466 ἐπειδὴ

145 488 202 551 καὶ
224 476 330 560 οὕτως
358 482 498 566 ἐχόντων
519 485 687 568 τολμῶσιν
710 478 944 609 άμφισβητεῑγ,
974 484 1029 548 καὶ
1053 480 1091 559 ἐξ
1116 474 1226 548 αὐτῶν

94 599 127 657 81
146 588 213 652 τών
236 584 346 669 νόμων
363 579 595 753 ἀκριβέστερον
617 584 809 668 διδάξομεν
834 583 863 651 εί
881 583 947 709 γάρ
968 583 1022 672 ἔζη
1044 579 1140 670 μὲνὴ
1165 580 1224 670 ἐμὴ

145 687 262 776 μήτηρ,
284 687 542 807 θυγάτηρδέΚ
543 692 670 773 ί,ρωνος
693 686 796 775 μηδὲν
819 684 891 752 δέ’
877 699 1000 806 εκεῑνρς
1023 685 1226 769 διαθέμενος

146 787 411 877 ἐτελεύτησεν,’
394 815 434 876 ην
457 788 493 854 δέ
517 782 725 877 ἀδελφός
687 812 784 865 ουτος
807 781 906 874 αὐτῷ,
936 786 981 874 μή
1012 779 1224 874 άδελφιδοῦς,

146 894 341 978 συνοικῆσαι
362 881 460 974 μὲν”
439 917 479 957 αν
494 893 535 977 τῇ
556 893 684 976 γυναικὶ
701 883 813 975 κύριος
833 875 883 977 ήν,
905 891 974 954 τών
989 888 1025 954 δὲ
1045 887 1225 976 χρημάτων
1247 918 1249 923 ’

146 987 204 1060 ουκ
221 989 270 1074 άν,
295 984 371 1057 ἄλλ’
390 993 424 1058 οἱ
446 991 618 1078 γενόμενοι
632 989 783 1068 παῖδες’
769 1015 804 1056 εκ
825 990 1015 1058 τούτουκαὶ
1037 989 1103 1068 εξ’
1089 997 1224 1079 εκείνης,

144 1090 250 1161 ὁπότε
272 1092 331 1158 ἐπὶ
354 1093 460 1171 δίετες
481 1086 625 1182 ήβησαν·
650 1087 735 1159 οότω
757 1092 821 1179 γάρ
849 1094 883 1159 oi
905 1091 1004 1176 νόμοι
1025 1091 1224 1159 κελεύουσιν.

145 1194 175 1261 εί
197 1200 308 1260 τοίνυν
329 1197 385 1260 καὶ
409 1194 516 1284 ζώσης
536 1194 649 1283 κύριος
664 1187 765 1272 αὐτὸς
786 1194 831 1282 μή
855 1194 982 1280 ἐγένετο
998 1197 1064 1260 τών
1087 1197 1148 1281 τής
1169 1219 1224 1280 γυ-

144 1295 266 1377 ναικός,
291 1289 366 1361 ἀλλ’
386 1298 418 1362 oi
440 1297 571 1377 παῖδες,
596 1296 695 1384 δῆλον
710 1289 764 1363 ὅτι
778 1299 835 1362 καὶ
849 1298 1125 1384 τετελευτηκυίας,
1150 1293 1224 1361 ἐπεὶ

144 1398 272 1475 παῖδας
300 1393 389 1483 ἡμᾶς
415 1400 665 1479 καταλέλοιπεν,
690 1391 728 1463 οὗ
751 1397 883 1475 τούτοις
906 1388 981 1462 ἀλλ’
1007 1391 1086 1483 ήμῖν
1116 1419 1224 1486 προσ-

143 1498 216 1586 ήκει
236 1501 451 1587 κληρονομεῖν
473 1502 540 1566 τῶν
558 1498 764 1619 χρημάτων.

94 1613 131 1670 32
234 1593 281 1666 Oi
311 1607 365 1666 τοί
367 1626 422 1666 νυν
451 1598 486 1667 ἐκ
512 1600 631 1667 τούτου
660 1594 773 1683 μόνον,
804 1593 889 1665 άλλά
917 1601 972 1664 καί
1002 1596 1036 1663 ἐκ
1061 1602 1122 1664 τοῦ
1145 1602 1223 1686 περὶ

143 1705 202 1788 τῆς
222 1700 399 1779 κακώσεως
414 1701 516 1786 νόμου
532 1700 661 1790 δῆλόν
647 1722 747 1767 εστιν.
786 1700 816 1767 εί
838 1699 908 1820 γάρ
924 1698 981 1824 ε’ζη
1001 1696 1101 1783 μὲν“
1083 1725 1101 1767 ο
1126 1700 1222 1766 πάπ-

143 1828 219 1885 πος,
243 1801 355 1891 ἐνδεής
379 1800 446 1867 δέ’
429 1828 468 1889 ην
490 1806 556 1868 τών
570 1801 789 1925 ,eniqueiwm
813 1796 871 1868 οὐκ
887 1792 927 1868 άν
943 1795 1040 1876 οὗτος
1061 1797 1223 1925 υπόδικρς

143 1903 183 1992 ήν
211 1908 270 1992 τῆς
297 1903 474 1980 κακώσεως
505 1897 622 1969 άλλΗ
604 1918 709 2026 ημεῑς.
753 1903 877 1970 κελεύει
900 1900 963 1990 γάρ
989 1908 1124 1992 τρέφειν
1146 1903 1223 1982 τοὺς

143 2011 277 2092 γονέας
300 2019 408 2131 γονεῖς
430 1998 462 2069 δ’
489 2004 556 2071 εἰσὶ
576 2005 684 2133 μήτηρ
706 2007 760 2070 καὶ
766 2003 913 2130 πατήρ
920 2006 975 2070 καί
998 2004 1147 2084 πάππος
1169 2009 1223 2072 καί

144 2108 255 2229 τήθη
255 2110 312 2173 καὶ
334 2104 461 2171 τούτων
483 2105 590 2194 μήτηρ
611 2110 668 2173 καὶ
683 2106 805 2196 πατήρ,
829 2104 887 2172 εάν
903 2131 953 2173 ετι
976 2105 1092 2185 ζῶσιν·
1117 2106 1221 2196 ἐκείνη

142 2206 206 2296 γάρ
237 2201 318 2332 ἇρχή
349 2210 408 2274 τοῦ
435 2211 549 2293 γένους
571 2207 656 2289 ἐστί,
630 2212 741 2276 ίκαὶ
769 2207 811 2274 τά
839 2208 971 2328 ἐκείνων
993 2209 1223 2334 παραδίίδοται

144 2323 215 2388 τοῖς
245 2308 408 2397 ἐγγόνοις
437 2302 604 2397 διόπερ
587 2309 708 2429 ανάγκη
737 2314 873 2398 τρέφειν
903 2302 1022 2432 αυτοής
1044 2308 1133 2393 ἐστι,
1162 2301 1222 2378 κάν

142 2412 245 2501 μηδὲν
258 2413 379 2478 καταλί
366 2417 481 2478 ίπωσι.
519 2413 594 2487 πώς
616 2436 674 2478 ουν
697 2411 826 2478 δίκαιόν
841 2409 979 2492 έστιν,’
966 2409 1023 2478 εὰν
1043 2412 1104 2495 μὲν
1120 2412 1221 2502 μηδὲν

142 2516 262 2581 καταλί
250 2520 384 2595 ίπωσιν,
407 2509 495 2600 ήμᾶς
517 2509 622 2578 υποδί
609 2519 721 2590 ίκους
717 2508 748 2578 εἶ
749 2538 804 2579 ναι
824 2517 884 2598 τῆς
905 2512 1090 2594 κακώσεως,
1113 2504 1155 2602 ἢν
1175 2512 1219 2600 μή

142 2620 325 2704 τρέφωμεν,
350 2640 380 2680 ει
370 2614 439 2679 δέ
460 2639 494 2680 τι
508 2615 686 2679 καταλελοί
673 2620 782 2695 ίπασι,
805 2607 898 2680 τόνδ’
918 2609 1004 2681 εἶναι
1017 2614 1221 2702 κληρονόμον

144 2709 229 2781 ἀλλὰ
251 2713 296 2802 μή
320 2711 425 2802 ήμάς,
448 2707 604 2797 οὐδαμῶς
627 2713 811 2800 δήπουθεν.

91 2816 130 2891 'aa
227 2814 322 2905 Πρὸς
345 2816 402 2883 ἕνα
425 2817 461 2882 δὲ
481 2814 540 2883 τὸν
555 2819 690 2904 πρώτον
712 2820 779 2882 τῶν
794 2821 956 2904 συγγενῶν
971 2817 1143 2906 προσάξω,
1167 2822 1221 2886 καί

142 2921 203 2985 τοῦ
223 2923 337 3005 γένους
358 2911 441 2986 καθ’
461 2917 599 2985 ἕκαστον
614 2914 701 3002 ὑμᾶς
723 2916 894 3007 ἐρωτήσω·
918 2921 1025 3008 ῥᾷστα
1045 2918 1111 3008 γάρ
1134 2913 1220 2987 οὕτω

141 3013 285 3104 μάθοιτ>
312 3015 361 3086 άν.
402 3025 554 3106 Κίρωνος
575 3018 720 3107 πότερον
741 3016 893 3110 θυγάτηρ
914 3010 937 3107 ή
959 3015 1107 3108 άδελφδς
1130 3019 1220 3109 ἐγγυ·

142 3124 227 3207 τέρω
249 3123 309 3187 τοῦ
329 3125 443 3207 γένους
465 3119 555 3204 iovi,-
578 3121 677 3207 δῆλον
699 3119 761 3209 γὰρ
777 3114 830 3188 ότι
844 3120 1012 3210 θυγάτηρ·
1034 3119 1055 3210 ή
1078 3123 1219 3212 μὲνγὰρ

143 3220 180 3299 έξ
193 3221 317 3289 ἐκείνου
331 3227 471 3309 γέγονεν,
494 3217 512 3288 δ
537 3222 573 3288 δὲ
587 3216 662 3306 μετ’
683 3220 817 3289 ἐκείνου.
854 3221 1025 3309 θυγατρὸς
1047 3225 1084 3291 δὲ
1099 3228 1221 3305 παῖδες

142 3313 338 3412 ήάδελφός,·
352 3325 474 3401 παῖδες
490 3323 679 3412 δήπουθεν·
694 3329 787 3411 γένος
800 3322 863 3411 γάρ
876 3317 949 3391 ἀλλ’
965 3318 1038 3408 οὐχὶ
1049 3333 1220 3414 συγγένεια

228 3509 270 3565 31.
289 3515 304 3563 5
322 3504 384 3561 ἀλλ)
404 3509 432 3562 οἱ
449 3527 513 3563 corr.
532 3513 556 3576 2,
573 3507 652 3562 ἄλλοι
669 3527 706 3577 pr.
724 3539 758 3548 -
776 3511 806 3561 iu
823 3526 887 3563 corr.
901 3515 925 3575 2,
942 3511 971 3564 οἱ
986 3528 1024 3579 pr.
1042 3542 1076 3553 -
1094 3516 1110 3566 6
1128 3510 1219 3568 itam

144 3610 208 3647 corr.
226 3597 250 3659 2,
269 3589 386 3647 διατο.σ
402 3611 440 3662 pr.
526 3594 572 3650 32.
593 3601 604 3648 1
624 3595 753 3663 περὶτοῦ
771 3611 817 3661 pr„
836 3596 1045 3664 transpositionis
1061 3598 1138 3665 signa
1154 3603 1176 3666 β
1192 3605 1218 3651 ei

144 3694 190 3731 as.
202 3695 225 3731 v.
240 3682 247 3728 1
269 3706 304 3717 -
321 3681 336 3731 3
353 3673 481 3732 ὑπόδικος
493 3679 620 3747 Scaliger:
638 3676 758 3732 έπέδικοε
777 3709 806 3718 -
826 3683 842 3732 6
855 3680 942 3746 ἐκείνη
954 3697 1001 3749 pn,
1014 3683 1113 3735 έκεῖνοι
1125 3699 1189 3736 εστι.
1205 3688 1217 3736 1

143 3793 177 3802 -
195 3767 209 3815 1
223 3765 282 3814 έστὶ
294 3779 341 3830 pr„
358 3763 411 3815 είσὶ
423 3781 486 3820 corr.
500 3768 515 3817 2
527 3760 778 3833 -ντοιροιδίδσται
798 3793 829 3803 —-
850 3768 879 3817 11
900 3767 923 3816 εί
935 3767 961 3819 in
974 3781 1022 3819 ras.
1036 3769 1115 3822 21111.
1128 3785 1192 3823 τοτε.
1208 3773 1219 3821 l

228 3846 273 3902 33.
292 3853 307 3902 3
325 3843 460 3918 πρότερον
477 3867 515 3917 pr.
