2626 4476
139 249 180 311 92
314 313 315 316 χ
624 252 731 307 ΙΣΑΙΟΥ
1151 270 1187 312 οι.
1200 272 1219 312 ι.

140 423 176 488 δέ
197 424 301 488 τελῶν
324 418 435 509 ἀρχειν
456 415 550 509 ήξίου
573 421 633 500 τὰς
657 415 768 506 ἀρχάς,
793 414 869 488 οάδδ
889 427 950 509 βίᾳ
971 423 1033 506 μέν
1053 420 1162 509 ἐζήτει
1174 421 1217 489 τά

141 517 290 609 ἀλλότρι’
317 523 417 607 ἐ’χειν,
449 519 536 608 ὑμᾶς
564 517 597 589 δ’
623 519 707 610 ηλετο
731 524 800 591 δεῖν
821 523 924 612 μηδὲν
947 516 1100 612 ώφελεῖν,
1131 517 1217 590 ἀλλὰ

140 624 269 713 φανερὰ
284 623 325 691 τὰ
338 619 419 693 ὄντα
430 623 640 712 καταστήσας
651 621 738 709 ὑμῖν,
754 619 820 692 ὅσα
833 625 1087 714 προστάττοιτε,
1103 617 1215 693 πάνθ’

139 724 297 816 ὑπηρέτει
320 729 516 816 φιλοτίμως,
540 722 635 794 οδδέν
649 721 682 793 τ’
703 720 825 795 ἀδικῶν
841 726 876 793 έκ
890 730 957 794 τών
976 727 1096 794 ἑαυτοῦ
1118 730 1218 816 φιλο·

139 837 245 914 τίμως
267 829 425 919 ἐπειρᾶτο
449 830 514 919 ζήν,
544 829 593 911 εἰς
616 825 717 896 αὑτὸν
739 830 800 914 μέν
821 828 863 895 τὰ
885 835 1004 916 μέτρια
1027 823 1218 897 ἀναλίσκειν

141 930 293 1017 οἰόμενος
315 932 393 1013 δεῖν,
423 930 465 997 τὰ
488 925 520 997 δ’
548 926 633 997 ἀλλα
659 935 700 1018 τῇ
728 930 829 998 πόλει
851 945 1053 1020 περιποιεῖν,
1082 931 1141 998 ἵνα
1170 930 1217 1010 ἐξ·

88 1045 127 1102 40
141 1041 255 1123 αρκοίη
278 1033 366 1122 πρδς
387 1032 449 1111 τὰς
471 1031 635 1110 δαπάνας.
679 1025 740 1099 κάκ
760 1032 887 1100 τούτων
911 1039 988 1100 τίνα
1011 1035 1218 1122 λειτουργίαν

140 1131 198 1202 οὐκ
221 1133 484 1223 ἒλειτοόργησεν,
504 1124 525 1222 ή
547 1139 622 1201 τίνα
645 1133 808 1222 εἰσφορὰν
836 1128 895 1202 οδκ
917 1134 951 1203 έν
976 1134 1127 1222 πρώτοις
1151 1134 1218 1203 εἰσ-

139 1236 288 1324 ήνεγκεν,·
309 1227 330 1324 ἢ
351 1242 386 1302 τί
406 1238 657 1322 παραλέλοιπεν
673 1231 719 1303 ών
735 1239 918 1326 προσήκεν,·
939 1229 977 1315 ἀς
997 1261 1034 1323 γε
1055 1240 1113 1304 καί
1135 1263 1217 1305 παι-

141 1338 223 1425 δικηλ
242 1341 333 1426 χορῷ
344 1341 494 1426 χορηγῶν
510 1335 666 1427 ἐνίκησεν,
683 1332 730 1405 ών
744 1352 889 1428 μνημεῖα
903 1341 962 1426 τής
978 1337 1102 1406 ἐκείνου
1119 1341 1218 1427 φιλο·

140 1444 254 1523 τιμίας
268 1435 285 1507 ό
302 1447 444 1528 τρίπους
460 1438 583 1517 ἐκεῖνος
598 1439 722 1529 ἕστηκε.
755 1446 866 1507 καίτοι
880 1447 915 1506 τί
933 1440 994 1528 χρή
1010 1441 1070 1508 τὸν
1084 1446 1217 1529 μέτριον

141 1543 301 1632 πολίτην,
324 1536 381 1626 οὐχ
405 1536 443 1610 οὗ
465 1543 525 1626 μὲν
549 1541 656 1630 έτεροι
678 1541 719 1608 τὰ
742 1540 787 1631 μή
817 1537 1021 1630 προσήκοντ’
1048 1542 1216 1628 ἐβιάζοντο

142 1644 331 1729 λαμβάνειν,
354 1643 481 1710 τούτων
502 1644 605 1732 μηδὲν
627 1658 750 1726 ποιεῖν,
773 1643 815 1711 τὰ
834 1638 866 1711 δ’
885 1642 1005 1711 ἑαυτοῦ
1027 1649 1218 1734 πειρᾶσθαι

142 1745 276 1832 σώζεινς
299 1740 337 1813 οὗ
361 1739 393 1810 δ’
419 1741 438 1833 ή
462 1745 564 1823 πόλις
587 1746 694 1811 δεῖται
714 1745 901 1835 χρημάτων,
926 1745 959 1814 δν
977 1745 1128 1834 πρώτοις
1151 1748 1217 1814 εἰσ-

142 1851 256 1935 φέρειν
278 1850 334 1914 καὶ
354 1848 457 1937 μηδὲν
473 1842 756 1935 ἀποκρύπτεσθαι
776 1851 843 1914 τών
857 1843 982 1932 όντων,
1003 1847 1127 1927 ἐκεῖνος
1149 1854 1217 1916 τοί-

89 1963 125 2017 41
143 1974 199 2014 νυν
226 1953 378 2028 τοιοῦτος
404 1936 458 2038 ήν·
489 1943 570 2017 ἀνθ’
596 1942 643 2015 ών
674 1949 811 2029 δικαίως
834 1941 874 2017 ἀν
903 1943 993 2036 αδτῴ
1014 1949 1139 2039 ταύτην
1161 1949 1217 2038 τήν

138 2048 235 2138 χάριν
257 2045 451 2140 ἀποδοίητε,
474 2049 534 2137 τήν
557 2050 680 2118 ἐκείνου
702 2051 834 2141 γνώμην
855 2055 936 2139 περὶ
956 2055 1023 2119 τών
1039 2047 1143 2118 αὑτοῦ
1164 2079 1217 2119 κυ-

142 2159 217 2241 ρίαν
247 2149 334 2219 είναι
362 2152 574 2239 ποιήσαντες.
623 2157 679 2221 καὶ
707 2152 773 2242 μήν
801 2157 857 2221 καὶ
886 2153 944 2239 έμέ
965 2178 1016 2241 γε,
1047 2147 1114 2220 ὅσα
1135 2151 1216 2220 κατὰ

141 2253 201 2341 τήν
216 2252 296 2340 ἐμὴν
310 2249 451 2339 ήλικίαν,
469 2251 623 2343 εόρήσετε
638 2249 676 2322 οὗ
691 2254 790 2324 κακόν
806 2249 883 2322 οόδέ
899 2251 1072 2344 ἀχρηστον.
1103 2254 1218 2344 έστρά·

142 2378 260 2438 τευμαι
282 2352 343 2432 τὰς
366 2362 542 2442 στρατείας
562 2360 604 2445 τῇ
626 2357 735 2440 πόλει,
758 2357 800 2423 τὰ
816 2357 1094 2445 προσταττόμενα
1112 2361 1217 2424 ποιώ·

90 2469 128 2524 42
143 2457 240 2522 τοῦτο
262 2454 325 2543 γάρ
354 2461 422 2524 τών
449 2459 650 2546 τηλικοότιον
678 2460 772 2547 ἔργον
795 2458 876 2527 έστί.
927 2459 1141 2531 καλίκείνων
1164 2445 1217 2527 σόν

143 2556 236 2624 ἕνεκα
258 2560 314 2625 καὶ
335 2554 429 2647 ήμῶν
452 2559 587 2640 εἰκότως
610 2552 651 2628 ἀν
673 2561 884 2648 ποιήσαισθε
906 2560 1080 2649 πρόνοιαν,
1111 2557 1218 2638 άλλως

141 2663 255 2727 τεκαὶ
277 2661 403 2728 τούτων
426 2662 513 2747 (μέν)
534 2666 794 2751 τριηραρχοῦντα
816 2660 906 2731 οίκον
928 2669 1029 2731 πέντε
1047 2663 1217 2731 ταλάντων

143 2755 352 2850 ἀνῃρηκότων
382 2764 438 2829 καί
472 2764 695 2850 πεπρακότων
732 2769 788 2833 καὶ
821 2765 942 2855 ἐ’ρημον
974 2765 1217 2855 πεποιηκότων,

143 2857 236 2949 ήμών
266 2863 380 2929 δὲκαὶ
402 2864 715 2954 λελειτουργηκότων
736 2862 799 2957 ήδη
828 2870 883 2934 καὶ
910 2867 1216 2957 λειτουργησόντων,

144 2954 185 3030 ἀν
205 2959 302 3048 ὑμεῖς
323 2963 550 3055 ἐπικυρώσητε
571 2965 631 3055 τήν
644 2962 902 3056 Ἀπολλοδώρου
923 2969 1056 3058 γνώμην
1072 2963 1217 3036 ἀποδόν-

142 3091 197 3144 τες
217 3061 297 3154 ήμῖν
318 3070 436 3133 τοῦτον
456 3066 515 3134 τὸν
536 3070 665 3157 κλήρου.

91 3183 131 3241 43
220 3160 291 3238 Ἵνα
319 3169 355 3234 δὲ
384 3168 429 3257 μή
459 3169 545 3236 δοκώ
574 3171 757 3261 διατρίβειν
785 3174 865 3259 περὶ
892 3175 997 3237 ταῦτα
1020 3171 1219 3256 ποιούμενος

144 3269 221 3350 τοὺς
244 3271 370 3359 λόγους,
391 3273 557 3358 βούλομαι
572 3273 628 3342 διὰ
650 3279 799 3361 βραχέων
813 3269 900 3356 ὑμᾶς
913 3269 1113 3360 ὑπομνήσας
1135 3266 1217 3340 οῧτω

143 3378 367 3459 καταβαίνειν,
389 3382 424 3443 τί
446 3374 599 3463 ἑκάτερος
619 3371 714 3464 ήμιῦν
736 3368 835 3461 ἀξιοῖ,
867 3373 1028 3464 δηλώσας.
1075 3373 1138 3461 ἐγώ
1161 3375 1218 3459 μὲν

145 3469 293 3565 ἀδελφῆς
320 3471 420 3565 οάσης
447 3481 506 3565 τής
535 3477 639 3566 ἒμῆςΙ
665 3476 790 3566 μητρός
811 3471 1072 3565 Ἀπολλοδώρῳ,
1105 3478 1218 3565 φιλίας

230 3655 335 3729 ῖώετο
353 3678 416 3716 corr.
429 3666 453 3729 2,
472 3656 544 3715 ὥστε
556 3679 593 3730 pr.
612 3692 645 3701 -
664 3667 678 3716 ῖ
698 3663 741 3714 ἐτι
759 3677 809 3716 em.
822 3662 898 3715 Schb.
967 3661 1013 3716 40.
1032 3664 1048 3714 2
1065 3657 1116 3714 οὐκ
1133 3662 1218 3714 intas.

144 3746 201 3799 add.
222 3750 234 3799 1
254 3775 288 3786 -
305 3743 509 3818 ἐλειτούργησαν
526 3748 558 3800 δε
575 3763 647 3801 meo:
665 3742 899 3819 έξελιιτοόργησεν
916 3775 951 3784 -
973 3751 990 3799 4
1006 3742 1146 3817 μαρτόρια
1163 3747 1219 3813 post

145 3814 262 3884 ἀνεδδ.
280 3831 434 3900 Sauppe-
452 3835 468 3885 6
486 3833 662 3900 ίβίαζονρτ,
680 3847 744 3886 corr.
765 3837 787 3886 1.
856 3831 900 3887 41.
917 3836 934 3886 4
951 3825 983 3884 οὗ
1001 3832 1028 3883 in
1046 3848 1071 3884 v.
1088 3831 1147 3885 εδδ
1161 3834 1174 3883 1
1187 3856 1218 3868 -

145 3918 160 3968 5
178 3919 237 3969 ταῖν
248 3921 415 3986 στρατιίαινι
428 3932 477 3969 em.
491 3914 613 3984 Scaliger.
664 3915 737 3971 422
754 3912 913 3981 ποιήσπθι
924 3933 971 3984 ηε,
987 3936 1005 3983 η
1017 3917 1043 3971 in
1056 3931 1107 3970 ras.
1118 3929 1181 3968 corr.
1192 3916 1218 3965 1:

144 4016 192 4056 em.
211 4000 258 4056 Bk.
277 4031 311 4041 -
329 4005 344 4056 3
361 4003 414 4070 μὲν
431 4000 489 4056 add.
507 4000 565 4053 Ald.
583 4029 618 4040 -
635 4001 863 4072 τριηραρχοῦντα.
880 4017 917 4068 pr.
