2626 4476
95 239 168 291 μου,
213 286 216 290 ¹
412 220 488 273 ΠΕΡΙ
505 219 569 272 ΤΟΥ
585 221 704 274 ΛΓΝΙΟΥ
721 222 858 276 ΚΛΗΡΟΥ.
1116 223 1175 284 135
1228 296 1230 301 Ι

99 396 220 479 σησθε,
244 391 389 474 λαβέτω·
411 395 517 457 ταῦτα
538 388 601 477 γάρ
625 393 658 458 οἱ
680 391 779 477 νόμοι
793 391 991 461 κελεύουσιν.
1030 392 1060 460 εἰ
1079 393 1173 482 δὲμὴ

99 492 185 560 κατὰ
207 496 304 559 τοῦτο
321 487 535 581 ἀμφισβητεῖ,
560 497 644 581 φησὶ
668 494 704 560 δὲ
719 491 926 583 ὁμολογῆσαί
946 521 987 581 με
1005 499 1053 582 τῷ
1075 497 1177 564 παιδὶ

96 591 313 677 μεταδώσειν,
339 593 525 682 φάσκοντος
548 592 629 678 ἐμοῦ
651 595 777 661 τούτων
802 593 888 663 εἶναι
908 596 1012 684 μηδὲν
1037 596 1176 664 δικασά-

91 702 186 777 ’σθω,
209 685 270 762 κάν
285 694 432 783 ἐξελέγξῃ
447 721 489 780 με
505 691 551 774 ὥς
567 692 776 786 ὡμολόγησα,
799 691 871 764 τότ’
889 694 951 788 ἤδη
967 698 1174 786 πραξάσθω·

88 798 227 865 ’δίκαιον
248 796 311 886 γὰρ
335 791 441 876 ούτως
464 797 563 866 ἐστίν.
602 798 631 864 εἰ
654 799 690 866 δέ
711 800 795 888 μήτε
817 798 904 888 πρὸς
926 799 983 884 ἐμὲ
1000 800 1083 889 μήτε
1097 795 1170 867 κατ’
1190 815 1227 871 34

96 899 179 985 ἐμοῦ
203 900 295 989 δίκην
319 896 406 967 εἶναί
428 924 513 990 φησι
534 903 583 986 τῷ
605 901 714 982 παιδί,
739 901 797 969 τδν
819 901 988 969 κωλύοντα
1003 903 1105 987 νόμον
1128 903 1176 970 εἰ·

92 1002 212 1081 πάνια,
242 993 302 1069 κάν
331 1002 386 1090 έχη
416 1002 538 1084 δεῖξαι,
569 1005 697 1089 λαβέτω
726 1007 781 1070 καὶ
811 997 897 1071 οῦτω
926 1003 963 1070 τδ
987 1010 1087 1092 μέρος
1108 1009 1175 1072 των

94 1103 282 1192 χρημάτων.
336 1104 366 1170 εἰ
389 1099 421 1170 δ’
449 1091 489 1171 αῦ
519 1098 598 1191 μήτ’
626 1103 896 1173 δπιδικάσασθαί
919 1128 1003 1196 φησι
1026 1108 1094 1175 δεῖν
1115 1111 1176 1175 τοῦ

95 1203 292 1294 ἡμικληρίου
322 1207 405 1294 μήτε
433 1204 499 1295 μὴν
522 1206 747 1289 δικάσασθαι,
775 1201 851 1274 ἄλλ’
876 1204 939 1297 ἤδη
963 1205 1050 1277 εἶναι
1071 1213 1175 1276 ταῦτα

90 1312 155 1382 ,τοῦ
184 1308 323 1390 παιδός,
358 1302 624 1396 ἀπογραφέσθω
655 1309 743 1397 πρός
775 1309 834 1378 τὸν
868 1305 1009 1398 άρχοντα
1038 1310 1086 1390 εἰς
1117 1311 1175 1400 τὴν

95 1418 269 1496 μίσθωσιν
291 1415 358 1478 τῶν
374 1410 498 1478 ἐκείνου
517 1411 705 1500 χρημάτων,
728 1411 769 1498 ἣν
785 1408 802 1479 ό
819 1413 1082 1497 μισθωσάμενος
1105 1413 1175 1480 εἰσ-

96 1512 219 1600 πράξει
240 1538 282 1597 με
304 1516 408 1578 ταῦτα
431 1507 478 1590 ιδς
499 1507 581 1578 όντα
594 1516 655 1579 τοῦ
670 1511 803 1589 παιδός.
843 1517 949 1579 ταῦτα
970 1513 1098 1600 μεγάλα
1122 1516 1172 1580 δί-
1188 1525 1225 1582 δύ

96 1615 175 1683 καιά
199 1613 280 1682 ἐστι.
324 1618 430 1681 ταῦτα
452 1617 506 1680 καὶ
532 1615 564 1680 οἱ
586 1613 685 1698 νόμοι
707 1614 903 1695 κελεύουσιν,
928 1608 965 1681 ού
986 1615 1034 1698 μὰ
1049 1610 1173 1682 Δίαοῦ

91 1716 228 1806 γραφάς
258 1717 314 1801 ἐμὲ
344 1717 478 1805 φεύγειν
505 1719 584 1803 περὶ
614 1710 661 1783 ὧν
689 1717 782 1794 δίκας
816 1716 905 1794 ἰδίας
934 1714 1020 1784 εἶναι
1049 1742 1174 1784 πεποι-

89 1819 223 1904 ήκασιν,
247 1813 324 1886 οῦδὲ
346 1819 546 1886 κινδυνεύειν
564 1821 648 1905 ’περὶ
670 1818 910 1903 τοῦσώματος,
934 1812 988 1887 ότι
1011 1814 1049 1887 ού
1072 1846 1174 1906 μετα-

96 1921 220 2005 δίδωμι
248 1925 297 2007 τῴ
327 1920 428 1987 παιδί
455 1920 594 2001 τούτων,
625 1919 646 1987 ά
675 1919 784 2009 ψήφῳ
812 1915 977 2009 κρατήσας
1006 1920 1067 2007 ἓγιδ
1097 1921 1175 2000 τοῦς

95 2021 231 2104 έχοντας
253 2015 339 2089 οῦτω
361 2015 445 2108 παρ’
472 2018 563 2106 ῦμοῦν
586 2021 722 2106 έλαβον·
752 2015 827 2088 ἀλλ’
854 2022 887 2088 εί
906 2048 939 2090 τι
961 2026 1027 2089 τῶν
1050 2019 1174 2107 δμολο-

94 2127 264 2209 γοομένων
287 2120 373 2190 εἶναι
395 2128 454 2190 τοῦ
477 2122 603 2202 παιδδς
626 2120 713 2207 είχον
728 2127 785 2190 καὶ
799 2128 906 2202 κακῶς
929 2124 1072 2212 διέθηκα
1087 2118 1170 2191 ὥστ’

96 2223 220 2292 ἐκεῖνον
242 2228 440 2307 κακοῦσθαι,
461 2225 537 2292 τότε
560 2222 600 2293 άν
623 2252 684 2311 μοι
703 2224 788 2292 κατὰ
803 2226 927 2316 ταύτην
941 2230 1089 2315 προσῆκε
1102 2233 1174 2313 κρί-

95 2332 220 2394 νεσθαι
242 2325 301 2414 την
322 2325 462 2414 γραφήν,
487 2322 524 2393 ού
539 2326 595 2410 1μά
617 2321 674 2394 Δί
702 2321 759 2393 οῦκ
783 2326 839 2393 ἐπὶ
862 2342 934 2405 τοῖς
956 2327 1059 2412 ἐμοῖς.

173 2421 249 2496 Ὅτι
271 2428 331 2512 μὲν
355 2415 412 2496 οῦν
427 2423 503 2495 οῦτε
518 2430 598 2516 περὶ
611 2429 739 2495 τούτων
758 2422 852 2497 οῦδὲν
876 2431 1003 2497 δίκαιον
1025 2437 1173 2519 πεποίη-
1186 2439 1224 2495 36

95 2557 149 2597 κεν
173 2526 249 2597 ούτε
271 2534 439 2618 περὶτῶν
469 2527 579 2598 άλλων
603 2525 730 2620 ἀληθές
753 2525 848 2598 οῦδὲν
871 2531 1008 2620 ε’ίρηκεν,
1039 2524 1172 2598 άπαντα

96 2632 132 2698 δὲ
156 2632 270 2710 δεινῶς
292 2632 472 2721 πλεονεξίᾳ
492 2632 721 2722 μεμηχάνηται
744 2631 933 2718 διαβάλλων
947 2634 1001 2699 καὶ
1018 2631 1095 2711 τούς
1116 2633 1172 2700 νό-

96 2759 178 2818 μους
200 2734 363 2821 παράγων
384 2737 440 2801 καὶ
462 2731 554 2819 ῦμων
577 2738 631 2802 καὶ
656 2734 736 2819 ἐμοῦ
758 2733 852 2822 παρὰ
868 2733 906 2801 τδ
932 2734 1060 2802 δίκαιον
1075 2759 1172 2820 περι-

95 2840 256 2922 γενέσθαι
278 2835 391 2924 ζητοῦν,
416 2833 512 2921 οἶμαι
533 2834 581 2920 μδ
604 2834 681 2914 τοῦς
703 2833 806 2913 θεούς
828 2829 902 2902 οῦδ
928 2831 1014 2921 ῦμάς
1043 2828 1172 2921 άγνοεῖν

96 2932 170 3003 ἀλλ’
190 2935 316 3022 ὁμοίως
339 2937 464 3005 εἰδέναι
479 2937 618 3020 πάντας,
642 2931 723 3004 ὥστ’
743 2931 801 3004 ούκ
823 2931 889 3005 οἶδ’
908 2931 974 3005 ότι
998 2937 1051 3005 δεῖ
1063 2939 1171 3005 πλείω

95 3042 175 3126 περὶ
197 3039 323 3107 τούτων
339 3041 455 3126 λέγειν.
493 3037 563 3127 όροῦ
585 3040 630 3121 δέ,
654 3026 824 3128 ὦάνδρες,
846 3039 906 3127 τὴν
921 3041 1081 3128 πλείστην
1097 3040 1171 3107 δια·
1187 3050 1223 3108 δῖ

95 3140 211 3230 τριβὴν
238 3146 306 3208 τιῦν
335 3141 442 3229 λόγων
464 3141 666 3226 ποιούμενον
687 3145 768 3229 περὶ
795 3140 856 3229 τὴν
881 3145 941 3209 τοῦ
967 3139 1093 3220 παιδδς
1116 3135 1172 3209 ού-

96 3250 172 3311 σίαν
193 3247 250 3311 καὶ
272 3246 352 3330 περὶ
374 3242 434 3331 τὴν
457 3239 547 3330 έμήν,
574 3240 693 3309 καὶτὰ
716 3243 776 3326 μέν
799 3243 922 3311 ἐκείνου
952 3243 1172 3326 παντάπασιν

96 3342 141 3424 ιδς
165 3341 279 3433 άπορα
302 3344 478 3427 διεξιόντα,
501 3348 580 3432 περὶ
604 3338 637 3410 δ’
664 3343 721 3428 ἐμὲ
743 3345 890 3412 πλοῦτόν
912 3370 987 3412 τινα
1012 3346 1061 3431 τῷ
1084 3346 1170 3433 λόγῳ

179 3551 259 3622 38.'5
278 3564 357 3636 φύσει
375 3583 421 3634 με,
444 3584 507 3621 corr.
529 3573 553 3630 l;
571 3569 633 3620 item
652 3571 697 3631 34,
717 3569 732 3618 2
751 3596 784 3605 -
803 3571 818 3620 6
837 3567 865 3619 ft.
883 3561 969 3634 μηδὲν
992 3560 1095 3631 ἀληθές

93 3648 138 3705 84.
160 3655 172 3703 1
191 3645 256 3729 κατ’
271 3668 334 3706 corr.
348 3657 371 3716 1,
390 3647 448 3707 ..τ’
469 3669 505 3720 pr.
524 3681 558 3692 -
576 3657 590 3705 5
608 3650 663 3719 μὴν
681 3668 744 3707 corr.
758 3654 782 3716 2,
800 3651 838 3719 μὴ
854 3667 891 3718 pr.
910 3680 943 3691 -
962 3655 977 3704 6
994 3647 1046 3716 τὴν
1063 3666 1126 3709 corr.
1150 3655 1170 3716 l,

93 3805 127 3874 τὴ
145 3823 182 3875 pr.
252 3805 330 3862 βδεῖ
349 3810 395 3857 καὶ
412 3821 432 3859 s.
451 3808 510 3858 εί
539 3841 542 3847 ·
585 3803 630 3860 88.
650 3809 665 3858 3
685 3800 827 3857 δὲεονίδ.
847 3821 911 3858 corr.
979 3802 1022 3859 87.
1041 3807 1056 3857 3
1074 3752 1109 3856 ῦς
1127 3754 1172 3871 έίίς

93 3907 140 3960 με,
164 3893 205 3944 bis
230 3891 264 3957 ὴν
282 3896 346 3944 s.-'v.
367 3892 518 3959 apposuitl
545 3919 579 3929 -
602 3895 668 3957 4sq.
687 3885 833 3951 διεξιόντος
857 3895 883 3942 et
906 3885 1170 3942 κατασκευάσαντοει

94 3992 142 4030 em.
159 3976 217 4030 Ald.
