2626 4476
128 223 170 286 28
612 225 719 280 ΙΣΑΙΟΥ
1141 239 1180 285 01.
1193 241 1212 283 ³.

94 411 114 468 8
129 396 355 486 γραψάμενος.
401 389 675 484 άμῳισβητοόσης
697 395 733 460 δὲ
751 398 809 483 τής
822 392 947 482 μητρός
960 396 1019 481 τής
1032 389 1210 483 ἡμετέρας,

130 491 278 586 ἀδελφῆς
300 497 336 563 δὲ
359 500 418 564 τοῦ
439 496 585 585 Πύρρου,
608 492 626 562 δ
649 495 762 583 κόριος
782 499 841 584 τῆς
863 494 1029 584 είληχυίας
1049 497 1112 562 τοῦ
1129 494 1210 583 κλή-

129 624 188 688 ρου
205 597 364 686 γυναικός
384 597 546 687 ἐτόλμησε
561 597 828 684 διαμαρτυρῆσαι
842 623 887 684 μη
875 595 1112 665 ἐπίδικον
1068 621 1111 684 τη
1125 591 1209 684 ήμε-

128 706 210 789 τέρᾳ
224 698 374 789 μητρί
339 725 398 767 τον
412 725 470 767 του
458 694 636 819 ἀδελφοῦ
649 700 769 822 κλήρου
785 694 922 781 εἶναι,ι
897 723 943 777 αις
955 694 1055 787 οόσης
1069 703 1210 787 γνησίας

130 799 300 888 θυγατρός
314 801 448 928 Πύρρῳ,
465 795 504 868 οὗ
518 787 558 889 ήν
574 794 641 879 ἒξ’
624 804 724 889 αρχῆς
738 827 755 868 ο
745 797 899 890 κλῆρος.
937 799 1211 889 ἐπισκηψάμενοι

132 899 207 969 δὲ
189 916 300 990 ημεῑς,
329 906 386 970 καὶ
416 902 464 981 εἷς
492 898 578 986 ὑμᾶς
602 901 834 989 εἰσαγαγόντες
859 901 918 969 τόν
941 902 1209 989 διαμαρτυρῆσαι

98 1004 345 1093 4τολμήσαυτα
373 1001 480 1091 [κατὰ]
508 1029 629 1087 ταυτα,
660 1002 783 1072 ἐκεῖνόν
805 1028 842 1070 τε
863 1002 1089 1089 ἐξελέγξαντες
1111 1027 1209 1094 περι-

132 1109 247 1194 φανῶς
269 1102 311 1171 τά
336 1105 444 1193 ψευδῆ
457 1105 731 1195 μεμαρτυρηκότα
752 1104 811 1194 τήν
828 1109 894 1172 τῶν
910 1104 1209 1194 ψευδομαρτυριῶν

133 1207 226 1295 δίκην
252 1207 383 1291 εἵλομεν
410 1200 492 1292 παρ’
524 1204 618 1293 ὑμῖν,
646 1211 704 1275 καὶ
729 1209 862 1275 τουτονί
883 1205 1074 1295 Νικόδημον
1097 1231 1209 1295 παρα-

130 1312 241 1396 χρήμα
270 1306 485 1397 ἐξηλέγξαμεν
507 1308 541 1376 ἐν
563 1324 635 1388 τοῖς
658 1303 771 1388 αὐτοῖς
796 1311 970 1387 δικασταῖς
992 1302 1209 1392 ἀναισχυντό-

134 1435 234 1477 τατον
248 1436 288 1497 τῃ
275 1408 503 1499 μαρτυρίῳ’
491 1405 572 1478 όντα
586 1410 699 1498 ταύτῃ,
722 1403 760 1490 ός
774 1436 811 1498 γε
826 1409 986 1498 ἐτόλμησε
999 1412 1209 1498 μαρτυρήσαι

133 1509 288 1600 εγγοήσαι
309 1515 357 1599 τοῦ
379 1517 466 1600 θείῳ
488 1539 535 1599 τῳ
523 1507 708 1600 ἡμετέρῳ
682 1510 801 1631 ςτήη
826 1506 988 1630 άδελῳήν
1001 1509 1061 1599 τήν
1092 1508 1210 1579 ἑαυτοῦ

99 1628 271 1699 ογυναῖκα
294 1611 408 1682 είυαι
401 1614 486 1681 κατὰ
508 1613 585 1692 τούς
608 1613 738 1698 νόμους.
782 1606 836 1682 ότι
862 1598 988 1698 μὲν
951 1639 1008 1681 ουν
1034 1611 1150 1681 καλόν
1171 1638 1208 1735 τη

134 1720 283 1803 προτέρη
305 1713 420 1804 δίκη<
401 1743 420 1804 η
444 1715 563 1784 τούτου
585 1721 751 1804 μαρτυρία
773 1712 901 1803 ψευδής
923 1714 1001 1793 ἔδοξ
982 1714 1035 1793 ξεν
1057 1709 1207 1796 dms
1191 1739 1207 1781 ο

133 1811 215 1885 τόθ
246 1815 401 1895 ἑαλωκώς
428 1818 555 1903 μάρτυς
583 1823 780 1907 σαφέστατα
808 1820 925 1885 τοῦτον
957 1814 1129 1902 ἐξελέγχει.
1181 1814 1209 1884 εί

133 1915 196 2007 γάρ
216 1917 262 2005 μή
288 1916 396 1986 ἐδόκει
419 1913 516 1998 οὗτος
544 1917 586 1986 τὰ
616 1919 724 2006 ψευδῆ
751 1918 829 1987 τότε
854 1921 1079 2007 μαρτυρῆσαι,
1110 1918 1209 2006 δῆλον

134 2012 188 2088 ότι
211 2017 334 2099 ἐκεῖνός
362 2015 394 2087 τ’
428 2011 468 2088 άν
497 2014 682 2110 ἀποφυγὼν
709 2020 769 2109 τήν
798 2021 1039 2109 διαμαρτυρίαν
1061 2012 1209 2107 duwe,

134 2124 190 2189 καὶ
212 2120 414 2210 κληρονόμος
437 2112 477 2189 άν
499 2125 565 2189 ταῖν
582 2125 642 2189 τοῦ
657 2127 755 2189 θείου
771 2118 790 2210 ή
807 2122 1121 2210 διαμαρτυρηθεῑσα
1134 2144 1209 2210 μη

136 2221 367 2313 σίαθυγάτηρ
390 2218 486 2304 εἶναι,
509 2216 583 2289 ἀλλ’
610 2217 668 2290 οόκ
684 2213 724 2290 άν
738 2219 758 2311 ἡ
774 2219 918 2312 ἡμετέρα
935 2228 1076 2312 κατέστη
1091 2222 1208 2343 μήτηρ.

100 2321 276 2402 θᾶλόντος
298 2324 334 2391 δὲ
356 2329 415 2393 τοῦ
435 2324 603 2410 μάρτυρος
624 2327 681 2393 καὶ
702 2318 899 2414 ἀποστάσης
925 2350 984 2392 τοο
971 2323 1129 2413 κλήρου
1153 2329 1210 2414 τῆς

135 2418 410 2548 άμῳισβητοόσης
437 2433 574 2549 γνησίας
600 2424 771 2515 θυγατρός
799 2426 923 2515 Πόρρῳ
952 2423 1055 2508 εί,ναι
1083 2426 1209 2516 μεγάλη

135 2521 257 2650 ἀνάγκη
281 2520 351 2612 άμα
371 2531 427 2597 καὶ
456 2527 515 2618 τήν
543 2528 662 2597 τούτου
690 2536 876 2617 μαρτυρίαν
904 2526 1102 2596 ἑαλωκέναι·
1131 2531 1209 2618 ιτερί

133 2629 196 2719 γὰρ
219 2624 321 2698 αὐτοῦ
335 2629 454 2699 τούτου
470 2628 791 2718 διαμαρτυρήσας
755 2655 815 2718 την
829 2656 896 2697 των
901 2630 1209 2810 ἐι,ίιευδομαρτυριτδν

135 2732 227 2820 δίκην
248 2726 434 2820 ἠγωνίζετο,
458 2730 602 2820 πότερον
625 2728 661 2809 ἐξ
681 2720 916 2819 ἐγγυητής
857 2756 878 2820 η
919 2728 1129 2820 ξόταίραςε
1108 2758 1130 2822 η
1146 2726 1209 2818 άμ-

135 2836 345 2922 φισβητοῦσα
365 2836 424 2900 τοῦ
446 2830 567 2920 κλήρου
587 2836 637 2919 τῷ
657 2836 745 2919 θείῳ
767 2830 922 2919 γυναικός
943 2833 1010 2922 εἴη·
1035 2832 1209 2920 γνώσεσθε

133 2925 198 3017 (δ’)
222 2928 422 3012 ἀκούσαντες
442 2936 499 3000 καὶ
513 2929 607 3018 ὑμεῖς
621 2937 680 3022 τῆς
693 2958 730 3001 τε
745 2927 957 3018 άντωμοσίας
975 2937 1033 3024 τῆς
1047 2931 1209 3025 ἡμετέρας

6 3071 9 3077 ·
133 3037 190 3102 καὶ
211 3037 269 3122 τῆς
290 3034 409 3102 τούτου
431 3042 615 3123 μαρτυρίας
635 3037 692 3103 καί
713 3038 772 3122 τῆς
795 3031 939 3125 άλοόσης
957 3036 1208 3127 διαμαρτυρίας.

100 3152 116 3206 ί
140 3130 374 3222 Ἀναγίγνοισκε
395 3135 507 3221 λαβών
527 3137 627 3205 τασδί
650 3130 774 3215 αότοῖς.

271 3257 513 3313 ΑΝΤΩΜΟΣΙΑ.
548 3259 763 3312 MAPTYPIA.
799 3258 1078 3314 MAMAPTYPIA.

216 3336 270 3423 Ὡς
291 3341 351 3426 μὲν
374 3339 466 3419 ἔδοξε
487 3345 689 3430 παραχρῆμα
712 3335 815 3419 εὐθὺς
836 3339 913 3408 τότε
935 3339 977 3409 τὰ
1000 3340 1110 3428 ψευδῆ
1123 3366 1208 3430 μαρ-

219 3542 246 3598 8.
264 3549 279 3597 5
298 3539 522 3613 ίπισκαγᾶμινοιι
535 3561 585 3601 em.
596 3544 701 3614 Tnylor.
769 3543 823 3598 41
841 3541 912 3597 κατὰ
923 3543 973 3597 del.
986 3543 1047 3598 auk.
1064 3573 1099 3585 -
1116 3548 1209 3617 λήνει·

135 3624 329 3700 δομαρτόραυτ
347 3644 396 3681 em.
409 3628 470 3683 Rsk.
527 3629 554 3685 5.
573 3634 587 3682 7
606 3628 695 3700 μήτηρ
706 3644 757 3682 om.
770 3645 816 3696 pn,
833 3645 898 3682 corr.
913 3633 934 3681 l.
1003 3628 1030 3684 δ.
1052 3631 1062 3682 l
1080 3618 1206 3684 άλόντοττ

136 3732 153 3764 α
171 3717 289 3766 ecorm
309 3707 500 3782 -4όδιαμ,
513 3713 627 3768 Ραία-
646 3719 661 3768 5
679 3707 816 3784 πότερον
831 3729 879 3782 pr„
896 3713 1055 3782 itemssm
1074 3740 1108 3753 -·
1126 3711 1209 3784 ίξιγ·

133 3797 230 3863 κοητῆτ
246 3812 292 3865 υτ,
311 3813 373 3852 corr.
392 3804 414 3864 1,
432 3800 493 3867 spir.
506 3799 564 3855 εδδ.
579 3802 595 3852 ί
612 3827 647 3838 -
666 3803 679 3851 7
699 3792 725 3850 δ’
745 3798 804 3852 add.
821 3799 879 3852 Ald.
965 3799 990 3854 2.
1010 3802 1021 3852 1
1042 3792 1146 3853 αὖτιῖε
1162 3813 1208 3868 pn,

133 3897 197 3936 corr.
217 3885 229 3934 1
250 3910 283 3922 -
301 3886 316 3936 2
335 3884 385 3938 titt.
402 3886 543 3952 marginem
561 3889 682 3950 superant
700 3911 733 3922 -
752 3885 767 3936 3
786 3874 963 3954 παραχρῆμα.
982 3900 1020 3952 pr.
1042 3913 1077 3922 -
1095 3878 1209 3953 διαμαρ-

132 3966 259 4037 τυρήσαιι
277 3983 325 4022 em.
344 3968 405 4020 Rsk.
