2626 4476
89 283 111 322 ρ.
125 272 157 314 ω.
393 256 469 308 σενι
487 255 552 308 τοι
567 255 686 309 Amor
703 255 841 310 ιιοοοτ.
927 221 934 233 “
1109 252 1170 314 133

93 423 158 505 δίν,
188 423 309 492 διάί
274 431 309 492 τί
336 412 377 491 δν
404 424 612 508 μεταδώσειν
641 419 842 511 ὡμολόγουν,
871 428 937 492 τών
964 425 1073 508 νόμων
1096 423 1172 545 όμρλ

92 524 231 592 πάντων
255 519 362 594 αῦτών
386 524 635 594 δεδωκότων
601 552 659 613 την
681 528 922 647 κλνγρονομίανς
946 526 1091 648 πότερον
1114 519 1172 592 οῦκ

92 613 133 715 ἦν
155 653 215 712 μοι
238 630 358 711 λαχεῖν,
382 627 475 696 εί
434 656 478 717 μη
502 635 661 712 πείσαιμι
682 628 837 711 τούτους,·
860 619 976 692 άλλΗ
959 654 977 694 ο
992 627 1102 748 3νόμος
1123 630 1172 714 τῷ

91 731 349 818 βουλομένρίι
315 729 435 797 δίδωσι
462 730 522 817 τὴν
545 729 657 809 ἐξοισί
659 756 708 810 αν,
738 721 824 796 ώστε
845 732 943 795 τοῦτο
967 723 1025 796 οῦκ
1049 715 1089 816 ἦν
1113 721 1173 794 αῦ-

92 845 164 910 τοῑς
187 830 306 899 εἰπεῖν.
345 824 422 897 άλλ
442 829 529 914 εἶχόν
551 830 625 898 τινά
647 856 707 950 μρι
728 836 912 919 μαρτυρίαν
934 834 995 897 τοῦ
1016 829 1173 918 πράγμα-

92 957 165 1014 τος,
200 931 240 1020 ἣν
269 933 300 1000 εἰ
330 931 374 1021 μὴ
406 927 618 1021 ἐμαρτύρουν,
655 925 713 999 οῦκ
742 931 876 1016 ἔμελλεν
904 931 1173 1002 ἐπιδικάσασθαι

93 1027 239 1117 τοότων,·
268 1028 353 1100 ἀλλὰ
382 1033 466 1100 κατὰ
496 1040 589 1121 γένος
616 1028 862 1122 ἠμφεσβήτουν,
892 1025 930 1100 05
960 1033 1044 1100 κατὰ
1067 1027 1172 1111 δόσιν,
1220 1078 1222 1082 =

94 1126 176 1228 ὥστ’
203 1128 299 1202 οῦδὲν
328 1135 395 1202 ἔδει
417 1136 601 1260 μαρτύρων.
653 1130 738 1202 άλλά
760 1133 825 1222 μὴν
848 1134 878 1202 εἰ
904 1135 987 1224 μήτε
1008 1135 1224 1205 κοινώσα-Ξθ

96 1220 183 1302 σθαι
203 1234 242 1303 τό
267 1241 406 1324 πρᾶγμα
429 1237 513 1326 ἐνῆν,
537 1231 576 1304 δτ
579 1231 662 1327 ἔζη
684 1239 900 1326 Στρατοκλῆς,
924 1233 1040 1325 μήτεό
1060 1235 1173 1362 55559

96 1331 185 1424 αῦτιι
172 1340 387 1406 κατέλιπεν
410 1338 691 1424 ἐπιδικασάμενος
712 1338 839 1406 τούτων
853 1339 966 1428 μηδέν,
988 1339 1071 1458 μήτε
1086 1335 1174 1416 εἰκός

95 1425 135 1527 ἦν
157 1440 365 1523 μεταδώσειν
389 1438 503 1525 ἐμὲ
467 1467 505 1508 το
529 1436 726 1529 ἦμικλήριον
741 1434 1001 1530 ὁμολογῆσαι
964 1443 1064 1526 αυτιῦ,
1089 1433 1174 1505 5755-

96 1541 172 1608 δοτε
188 1534 235 1624 (δ
240 1538 362 1627 )ῦμεῑς
385 1541 622 1610 ἒπιδικάσαντέ
607 1547 641 1621 ἐς
655 1567 715 1627 μοι
729 1546 847 1609 τοῦτον
860 1542 920 1609 τόν
934 1545 1076 1664 555905,
1089 1567 1122 1608 οι
1112 1541 1175 1607 δὲ

96 1643 179 1731 μήτε
201 1642 318 1727 ἔλαχον
340 1647 407 1710 τών
431 1637 539 1711 αῦτών
560 1643 626 1732 μήτ
629 1636 915 1732 ’άμφισβητῆσαι
936 1643 1061 1710 πώποτ
1065 1635 1175 1730 ’ἠξί-

98 1766 198 1826 ωσαν,
220 1749 295 1823 πώς
307 1744 368 1833 χρὴ
384 1745 528 1823 πιστοὺς
546 1743 633 1815 εἶναι
648 1744 793 1830 νομίζειν
806 1745 886 1824 τοῦς
900 1745 1026 1813 τούτων
1042 1744 1158 1832 λόγους
1164 1772 1175 1826 ,·

97 1843 160 1932 ἐγώ
189 1845 250 1930 μὲν
280 1848 397 1932 σ’ίομαι
431 1841 596 1932 οῦδαμώς.
659 1861 901 1935 προσποιεῖται
933 1854 1045 1916 τοίνυν
1078 1841 1174 1924 οὗτος
1191 1856 1228 1916 22

99 1986 138 1996 —
161 1946 278 2036 ἐπειδὴ
302 1945 395 2016 τοῦτ’
416 1948 554 2028 εἰκότως
577 1939 618 2016 άν
639 1948 857 2033 θαυμάζοιτε,
881 1941 935 2015 ότι
955 1953 1015 2015 τοῦ
1036 1945 1176 2037 ἡμικλη-

97 2056 171 2134 ρίου
194 2050 270 2118 τότε
291 2051 351 2139 τὴν
375 2053 467 2140 δίκην
490 2045 547 2119 οῦκ
570 2050 749 2139 ἐλάγχανον
771 2088 812 2098 -
835 2053 894 2117 τοῦ
915 2051 976 2136 μὲν
995 2050 1039 2138 μὴ
1064 2053 1175 2134 λαχεῖν

97 2149 186 2237 πρός
214 2144 357 2229 ἐκείνους
385 2153 443 2238 ἐμὲ
472 2151 559 2221 εἶναι
589 2154 697 2221 α’ίτιον
726 2148 771 2231 ώς
788 2148 1052 2240 ἶδμολυγήσαντα
1073 2177 1176 2237 μετα·

98 2244 275 2332 δώσειν,
254 2246 341 2319 ώστε
364 2249 419 2321 διὰ
441 2248 532 2321 τοῦτ’
558 2248 596 2322 οῦ
618 2253 935 2343 παρακαταβάλλειν
959 2248 1089 2339 αῦτοῖς,
1117 2256 1178 2341 τῆς

98 2353 134 2419 δὲ
162 2351 250 2441 πρὸς
280 2352 337 2439 ἐμὲ
367 2355 490 2444 λήξεως
520 2354 676 2454 ε’μποδών
707 2352 793 2423 εἶναι
821 2355 899 2433 τοῦς
929 2356 1114 2441 νόμους-
1137 2349 1176 2422 05

98 2453 159 2544 γάρ
183 2451 271 2524 εἶναι
291 2471 364 2536 τοῖς
379 2451 541 2547 όρφανοῖς
556 2456 640 2525 κατά
654 2461 722 2524 τῶν
744 2456 1003 2578 ἐπιτρόπων-
1025 2449 1173 2573 οῦδίτερ

100 2549 213 2646 ἀληθῆ
235 2558 347 2643 λέγων.
385 2554 462 2627 υῦτε
483 2557 545 2647 γάρ
569 2549 609 2626 άν
625 2559 727 2680 νόμογ
742 2559 793 2625 δεί
781 2557 915 2637 ίξειεν“
897 2583 935 2636 υς
957 2557 1076 2625 κωλύει
1097 2561 1175 2624 τοῦ·
1189 2574 1227 2632 28
1266 2572 1269 2576 ’

99 2683 156 2725 τον
178 2654 263 2746 ὑπὲρ
284 2663 347 2726 τοῦ
366 2658 493 2739 παιδός
515 2661 607 2750 δίκην
629 2686 699 2748 παρ
704 2654 814 2780 ’ἐμοῦ
836 2659 1035 2745 λαμβάνειν·
1058 2652 1096 2726 05
1113 2658 1176 2778 γάρ

101 2758 229 2828 ἔστιν
214 2760 464 2846 εναντιοόμενος
487 2755 605 2843 οῦδείς,
566 2756 705 2828 άίλλ’
730 2754 846 2850 ώσπερ
867 2763 922 2829 καί
944 2759 1077 2888 γραφὰς
1099 2753 1171 2826 κατ’
1224 2768 1229 2819 3

100 2861 181 2948 ἐμοῦ
204 2856 416 2949 δέδωκεν,
384 2858 471 2985 ρότω
499 2867 555 2931 καὶ
585 2865 678 2943 δίκας
708 2863 782 2949 ἐμοὶ
812 2860 897 2931 εἶναι
919 2865 976 2930 καὶ
1005 2867 1053 2950 τῷ
1075 2862 1177 2929 παιδί

99 2970 298 3053 πεποίηκεν·
328 2958 399 3032 οῦτ
426 2952 466 3033 αῦ
497 2965 554 3034 διὰ
582 2969 687 3033 ταῦτα
710 2964 847 3044 εκείνοις
868 2980 940 3044 τοῖς
969 2964 1178 3053 προσήκουσι

99 3067 158 3136 τόν
179 3059 357 3154 κλῆρον’
322 3093 379 3134 ουκ
402 3064 638 3154 ἒλάγχανον,“
612 3093 659 3146 ως
681 3066 762 3151 ἐμοῦ
784 3067 991 3152 μεταδώσειν
1012 3061 1177 3187 5uo5oy5⁴

100 3190 230 3249 σαντος,
254 3160 371 3234 ἄλλ’
357 3162 411 3235 ότι
442 3163 513 3235 οῦδ)
540 3165 653 3236 ὁτιοῦν
677 3162 791 3245 αὐτοῖς
811 3168 938 3235 τούτων
962 3171 1029 3235 τών
1049 3164 1177 3256 χρημά-

99 3296 167 3339 των
188 3273 365 3359 προσῆκεν.
411 3257 446 3337 εῦ
477 3264 510 3337 δ’
537 3264 603 3338 οἶδ’
630 3263 684 3338 δτι
710 3263 815 3355 (055³)
845 3269 875 3336 εἰ
904 3269 1108 3357 συνεχώρουν
1129 3271 1229 3356 τῴκο

185 3489 231 3547 25·
248 3494 264 3544 λ
283 3488 320 3544 δν
337 3493 363 3544 in
380 3508 406 3547 v,
425 3493 482 3546 add.
503 3497 515 3545 1
541 3521 576 3531 -
598 3487 750 3562 θειότερον
774 3485 865 3557 δίκην
883 3507 929 3559 pn,
953 3488 1058 3561 πότερα
1080 3484 1110 3543 δ’
1129 3485 1178 3543 οῦκ

100 3564 134 3641 ἦν
151 3593 217 3630 ιω.
235 3580 264 3631 ιι
282 3592 330 3631 ιω
349 3576 419 3630 οισι
472 3576 517 3633 κε.
536 3581 551 3630 ι
571 3571 662 3632 τετε.
680 3593 717 3645 pr.
734 3606 769 3616 -
785 3571 871 3645 μηεω
889 3576 950 3631 Bk:
969 3570 1051 3630 σειν
1066 3605 1098 3616 -
1119 3579 1178 3632 κε

100 3656 220 3716 ἀπόδοτε
237 3657 321 3730 ὁμοῖοι
341 3677 389 3716 em.
409 3661 526 3716 Schoem.
548 3692 582 3700 -
606 3661 668 3716 505
689 3661 820 3716 schum:
843 3662 867 3714 εἰ
952 3660 994 3715 27.
1013 3666 1029 3714 ό
1047 3656 1126 3714 τοῦτ’
1146 3655 1178 3714 οὔ

101 3745 176 3800 Κείου
195 3742 293 3799 τοῦτον
309 3775 344 3787 -
362 3751 376 3799 ’ί
396 3746 467 3800 εἶναι
478 3762 542 3802 corr.
558 3753 579 3814 1,
597 3746 674 3816 οἶμαι
685 3764 722 3815 pr.
740 3777 773 3787 —
792 3751 808 3801 8
826 3733 913 3820 λῑγυιν
925 3763 972 3815 με,
985 3743 1072 3819 λέγειν
1084 3762 1148 3800 corr.
1164 3751 1176 3800 1

187 3830 233 3888 28.
251 3835 267 3886 6
289 3831 337 3885 τοῦ
358 3828 456 3904 κλήρου
475 3831 597 3899 Scaliger,
620 3833 649 3885 ft.
671 3835 727 3884 τοῖς
750 3826 844 3898 ἥκουσι
869 3827 938 3901 πρὸς
957 3829 1008 3885 τὸν
1027 3830 1127 3903 κλῆρον
1144 3859 1179 3876 -·

102 3917 115 3968 7
134 3909 180 3969 δτι
196 3913 358 3974 οὗδυ..ιοῦν
375 3934 412 3985 pr.
431 3919 504 3984 (eras.
516 3939 532 3969 υ
551 3921 577 3970 et
594 3917 653 3970 fort.
666 3920 702 3982 ν),
721 3920 809 3970 corr-1
863 3915 907 3972 22.
928 3920 941 3970 1
961 3911 991 3969 δ’
1003 3919 1029 3969 in
1046 3934 1071 3970 ν.
1091 3916 1176 3969 εδδί

101 4027 135 4042 -
152 3996 216 4054 οὐδ’
236 4001 294 4055 add.
314 4000 429 4070 Scaliger
