2626 4476
147 87 186 147 24
393 131 398 139 .
633 86 741 140 ΙΣΑΙΟΥ
837 132 840 137 .
1160 103 1227 145 σεε

48 307 49 311 ,
146 251 178 323 δ’
197 253 214 325 ὁ
232 251 411 344 Εὐκτήμων
433 249 535 332 εὐθὺς
558 249 681 342 ἀπῄτει
702 253 762 322 τὸν
776 254 989 341 Πυθόδωρον
1006 252 1046 321 τδ
1068 279 1226 342 γραμμα-

144 372 243 480 τεῑφν,
266 360 321 426 καί
344 359 614 482 προσεκαλέσατο
630 356 678 434 εἰς
693 355 850 444 ἐμφανῶν
868 354 1084 423 κατάστασιν.
1124 382 1226 423 κατα-

146 459 286 538 στάντος
309 458 381 526 δὲ’
368 467 434 527 εκεί
435 484 492 526 νου
514 457 602 546 πρὸς
616 457 674 525 τὸν
690 453 842 546 άρχοντα,
864 450 1012 544 ε’λεγεν’
993 483 1048 524 οτι
1068 452 1222 542 βοάλοιτ

93 563 132 620 82
147 554 386 629 άνελέσθαι
350 587 411 650 την
433 560 609 648 διαθήκην.
653 558 770 647 ἐπειδή
795 554 826 628 δ’
844 556 1093 644 δΠοθόδωρος
1112 557 1225 678 έκείνιρ

144 663 204 746 μὲν
225 665 281 730 καὶ
302 689 349 750 τφ
375 661 603 749 Φανοστράτῳ
626 661 770 749 παρόντι
792 654 998 782 ῶμολόγει’
980 675 1144 748 αναιρεῖν,
1167 664 1225 729 τοῦ

146 764 182 831 δὲ
193 769 342 852 Χαιρέου
357 789 415 830 του
403 768 720 851 συγκαταθεμένου
735 761 918 851 θυγάτηρ’
901 789 941 851 ην
955 789 979 847 μ
982 768 1089 844 ία,ς
1048 755 1089 850 ἧς
1106 760 1224 882 έπειήή

144 865 256 954 κόριος
277 871 479 954 κατασταίη,
508 864 585 932 τότε
613 859 707 953 ήξίου
737 859 874 946 ἀνελεῖν,
903 867 959 930 καὶ
990 860 1008 931 δ
1034 859 1147 950 άρχων
1170 857 1225 931 οὐ·

99 992 210 1045 ,,τως
237 967 427 1053 ἐγίγνωσκε,
458 963 833 1056 διομολογησάμενοςί
815 993 834 1034 ο
864 959 1044 1053 Εὐκτήμων
1072 963 1223 1035 ἐναντίον

47 1146 52 1156 α
144 1072 204 1135 τοῦ
226 1063 383 1154 άρχοντος
404 1070 459 1134 καί
475 1072 540 1134 τῶν
555 1069 733 1156 παρέδρων
747 1071 803 1135 καὶ
824 1066 1053 1156 ποιησάμενος
1075 1065 1223 1145 πολλοὺς

143 1169 313 1258 μάρτυρας
334 1165 380 1247 ῶς
400 1163 511 1236 ὀὐκέτ’
529 1163 620 1256 αὐτῷ
635 1175 743 1237 κέοιτο
758 1166 777 1257 ή
797 1170 953 1258 διαθήκη,
976 1164 1080 1255 ᾤχετο
1097 1162 1221 1237 άπιοὶν.

92 1277 131 1335 38
144 1274 199 1338 καὶ
222 1270 256 1339 ἐν
278 1271 368 1339 πάνυ
390 1265 492 1359 ὐλίγφ
512 1271 629 1358 χρόνφ,
654 1265 758 1358 οὗπερ
782 1270 875 1338 ἕνεκα
889 1265 983 1338 οὗτοι
999 1272 1098 1339 λῦσαι
1123 1265 1221 1340 αὐτὸν

144 1373 293 1456 ἔπεισαν,
317 1367 521 1441 άποδίδοται
544 1367 645 1460 άγρδν
667 1374 728 1458 μέν
742 1367 910 1456 Ἀθμονοῖ
930 1377 1031 1438 πέντε
1052 1375 1111 1441 καὶ
1126 1373 1221 1460 ἑβδο·

143 1475 289 1565 μήκοντα
310 1479 401 1560 μνῶν
423 1469 631 1563 Ἀντιφάνει,
661 1473 699 1541 τό
729 1468 761 1540 δ’
788 1473 822 1541 ἐν
843 1479 1018 1563 Σηραγγίφ
1042 1476 1220 1557 βαλανεῖον

142 1580 333 1664 τρισχιλίων
355 1571 595 1665 Ἀριστολόχῳ·
619 1575 728 1643 οἰκίαν
751 1576 787 1641 δὲ
809 1573 843 1642 ἐν
867 1570 962 1642 ἄστει
982 1576 1154 1663 τεττάρων
1167 1580 1220 1645 καί

141 1678 384 1764 τετταράκοντα
412 1682 502 1762 μνῶν
532 1674 752 1765 ὑποκειμένην
782 1671 929 1744 ἀπέλυσε
955 1680 1003 1762 τῴ
1027 1677 1218 1767 ἱεροφάντῃ.

143 1779 194 1849 έτι
216 1781 253 1847 δὲ
268 1777 364 1867 αἶγας
379 1774 527 1846 άπέδοτο
544 1777 604 1846 σύν
618 1805 665 1865 τῳ
652 1779 806 1867 ἠαἰπόλ
802 1782 936 1901 οτριῶν
947 1781 1003 1844 καὶ
1026 1779 1106 1846 δέκα
1119 1784 1218 1864 μνῶν,

142 1884 199 1949 και
221 1882 314 1971 ζεύγη
338 1874 435 1948 δόο’
420 1879 526 1967 ορικά,
549 1879 587 1947 τδ
610 1842 702 1964 μέν’
686 1879 771 1947 οκτιδ
795 1906 886 1964 μνων
899 1904 938 1947 το
964 1879 999 1946 δὲ
1014 1880 1218 2002 πεντήκοντα

142 2010 198 2049 και
212 1988 441 2050 πεντακοσίων
454 1982 616 2098 δραχμῶη,
632 2008 688 2048 και
678 1974 953 2070 δημιουργοδς”
934 2004 1010 2048 σσσι
1020 1968 1106 2067 ἦσαν
1119 1977 1218 2070 αὐτην.

92 2094 130 2149 34
143 2084 321 2167 σύμπαντα
344 2083 380 2149 δὲ
402 2073 600 2160 πλείονος”
581 2109 600 2170 η
622 2087 724 2169 τριῶν
745 2081 976 2163 ταλάντων,
956 2110 978 2148 α
1001 2080 1140 2173 ἐπράθη
1163 2083 1216 2152 διδ

140 2189 266 2266 ταχέων
288 2184 377 2251 πάνυ
398 2183 654 2272 τελευτήσαντος
672 2184 929 2273 Φιλοκτήμονος.
965 2179 1148 2251 καὶ’ταῦθ’
1166 2177 1216 2254 δτι

141 2279 255 2375 ὐληθή
281 2288 382 2373 λέγω,
412 2279 494 2353 καθ’
520 2285 657 2353 ἕκαστον
685 2282 763 2370 ὑμῖν
784 2289 851 2353 τῶν
873 2287 1054 2375 εἰρημένων
1083 2290 1215 2373 πρῶτον

141 2388 230 2454 καλῶ
253 2386 330 2465 τούς
351 2387 531 2476 μάρτυρας.

568 2491 791 2544 ΜΑΡΤΥΡΕΣ.

89 2583 128 2642 85
231 2579 344 2642 Ταῦτα
365 2575 424 2657 μὲν
448 2572 487 2660 δή
510 2577 628 2640 τοῦτον
650 2570 709 2639 τόν
732 2572 857 2662 τρόπον
880 2570 962 2657 εἶχε·
985 2577 1067 2661 περί
1091 2576 1127 2643 δὲ
1152 2578 1215 2642 τῶν

139 2673 340 2745 ὑπολοίπων
369 2669 471 2752 εὐθύς
505 2673 734 2758 ἐπεβούλευον,
767 2678 824 2741 καὶ
855 2674 991 2741 πάντων
1025 2675 1215 2745 δεινότατον

141 2780 279 2865 πρᾶγμα
300 2775 553 2861 κατεσκεύασαν,
582 2769 610 2862 ᾦ
633 2771 728 2854 άξιόν
751 2774 823 2842 ἐστι
843 2781 1019 2863 προσέχειν
1048 2776 1108 2845 τόν
1131 2782 1214 2846 νοῦν.

141 2873 283 2964 ὁρῶντες
303 2876 367 2965 γάρ
394 2876 453 2944 τὸν
476 2872 668 2965 Εὐκτήμονα
690 2878 809 2964 κομιδῇ
831 2870 1037 2965 άπειρηκότα
1064 2875 1133 2947 ὑπὸ
1160 2878 1215 2966 γή·

142 3003 208 3067 ρως
229 2981 285 3045 καί
308 2972 384 3046 οὐδὲ
405 2982 465 3066 τής
478 2981 589 3068 κλίνης
607 2974 816 3047 άνίστασθαι
839 2978 1029 3069 δυνάμενον,
1052 2977 1214 3048 ἐσκόπουν

141 3073 236 3157 ὅπως
250 3083 306 3146 καὶ
327 3081 583 3168 τελευτήσαντος
606 3079 730 3148 ἐκείνου
746 3072 793 3148 δι’
813 3071 920 3147 αὐτῶν
936 3079 1048 3148 ἐ’σοιτο
1070 3078 1090 3169 ή
1108 3075 1213 3150 οὐσία.

90 3183 197 3252 aona}
218 3186 253 3247 τί
274 3184 432 3248 ποιοῦσιν
439 3212 450 3264 ,·
473 3175 709 3270 ἀπογράφουσι
730 3179 777 3247 τῶ
799 3182 903 3248 παῖδε
924 3181 1031 3248 τούτω
1051 3181 1139 3270 πρός
1160 3181 1214 3250 τὸν

142 3277 284 3371 άρχοντα
306 3279 352 3360 ῶς
375 3282 558 3369 εἰσποιήτω
573 3297 643 3361 τοῖς
658 3286 716 3349 τοῦ
733 3277 940 3370 Εὐκτήμονος
960 3285 1049 3351 υἱέσι
1070 3299 1142 3363 τοῖς
1163 3308 1214 3351 τε·

142 3414 283 3421 -.—----
299 3414 326 3419 ω
342 3415 346 3419 .
362 3414 385 3420 .-
399 3416 407 3419 ..
1096 3414 1210 3422 --ῇ

226 3485 270 3541 81.
288 3489 303 3539 3
328 3485 546 3559 προσεκαλέσατο
569 3470 637 3557 πόδε
663 3473 712 3539 Ἰ’τόν
734 3473 861 3558 &didm
878 3488 915 3541 εἰς
940 3519 970 3526 -
997 3488 1118 3557 Harpocr.
1137 3507 1161 3543 v.
1179 3489 1213 3541 εἰι

143 3571 276 3641 ἐμφανῶν
293 3571 416 3626 κατάστ.;
433 3567 478 3625 Ἰν.
496 3574 527 3624 έν
544 3571 585 3637 τῷ
603 3573 731 3642 περὶτοῦ
751 3568 951 3638 Φιλοκτήμονος
968 3568 1074 3643 κλήρου.
1135 3572 1180 3629 32.
1198 3576 1212 3624 2

143 3651 313 3727 φανοστράτ.
327 3675 373 3726 pn,
386 3674 450 3711 corr.
466 3660 480 3709 lv
497 3685 530 3696 —
549 3649 693 3725 έὸκύριοε
706 3655 808 3722 Sauppe
821 3685 854 3693 —
867 3659 882 3709 6
895 3652 1040 3726 ποτ’δρων
1052 3673 1100 3724 pn,
1117 3674 1181 3712 corr.
1192 3661 1212 3710 1.

227 3739 272 3797 δέ.
292 3746 307 3795 2
325 3737 520 3797 άπαδίδοιταιι
538 3755 586 3793 em.
600 3738 690 3807 Steph.
708 3770 739 3783 ψ-
760 3743 775 3793 6
793 3739 910 3794 αἰπολίω
923 3757 1050 3808 pr.‚·corr.
1063 3746 1086 3796 1.
1136 3740 1180 3796 84.
1198 3745 1212 3794 5

144 3827 183 3882 ίίί.
200 3827 257 3881 add.
275 3827 337 3881 Rsk
406 3823 452 3879 δέ.
471 3829 486 3877 5
504 3818 568 3876 οὐδ’
590 3825 619 3874 ἐκ
637 3823 694 3876 Dbr.
