2626 4476
516 243 778 303 ΑΠΟΣΗΑΣΜΑΤΜ.
1121 247 1181 308 147

107 436 215 498 πρακε
243 414 300 479 καί
332 411 476 500 αἰσχρῶς
504 417 560 482 καὶ
587 418 694 494 κακῶς
724 415 938 499 διολώλεκεν,
971 413 1018 497 ώς
1051 411 1110 486 ούκ
1143 407 1183 487 &v

106 513 298 604 ἐβουλόμην,
322 516 490 584 πιστεύων
514 510 545 582 δ’
565 516 746 605 ἑταιρείαις
760 521 815 586 καὶ
836 518 941 605 λόγων
957 534 1185 608 παρασκευαῖς

106 614 165 684 ἐπὶ
186 615 245 706 τὴν
268 617 348 706 ἐμὴν
372 617 542 708 ἐλήλυθεν,
573 613 705 709 άνάγκη,
728 617 775 698 ώς
801 621 897 704 ἔοικε,
927 621 1103 712 συμφορὰν
1124 623 1185 706 μὲν

107 716 194 786 εἰναι
209 720 353 804 νομίζειν
368 714 422 788 ὅτι
444 721 597 801 τοιούτός
612 720 701 790 ἐστιν
717 722 840 802 οἰκεῖος
854 719 910 805 ών,
936 719 1185 811 ἀπολογεῖσθαι

107 825 143 891 δέ
164 827 246 912 περὶ
274 818 320 890 ών
349 823 535 914 ἐγκέκληκεν
564 827 619 892 καὶ
649 823 712 903 ἐξω
740 850 783 909 με
811 829 870 893 τού
887 826 1088 913 πράγματος
1110 827 1185 893 δια·

105 928 278 1016 βέβληκεν,
318 921 365 1003 ὦς
400 916 440 993 άν
481 912 572 1014 [σύν]
606 926 787 1011 δυνώμεθα
819 928 1066 1016 προθυμότατα
1098 927 1185 1015 πρὸς

106 1020 380 1113 ᾢῶ---

193 1132 312 1201 Πόθεν
331 1130 392 1220 χρὴ
416 1130 641 1198 πιστεύεσθαι
655 1129 698 1197 τὰ
714 1130 870 1220 εἰρημένα
886 1131 972 1219 πρὸς
993 1136 1085 1200 θεῶν
1092 1163 1103 1216 ς
1125 1127 1182 1200 ούκ
1199 1149 1218 1205 3

108 1236 142 1304 ἐκ
164 1241 230 1303 τών
252 1237 461 1323 μαρτυριώυς
483 1233 600 1316 οἰομαί
620 1258 666 1319 γε.
705 1233 816 1300 πόθεν
841 1234 877 1301 δὲ
899 1233 976 1313 τοὺς
997 1235 1167 1324 μάρτυρας
1174 1264 1185 1318 ς

109 1333 166 1407 ούκ
189 1339 223 1406 ἐκ
244 1341 311 1409 τών
331 1336 508 1422 βασάνωνς
531 1335 618 1414 εἰκός
639 1361 692 1423 γε,
716 1336 829 1404 πόθεν
853 1336 889 1403 δέ
906 1362 943 1424 γε
959 1330 1185 1404 ἀπιστεῖσθαι

107 1442 184 1521 τούς
207 1441 325 1528 λόγους
346 1438 424 1517 τούς
445 1437 590 1520 τούτωνς
619 1431 676 1504 ούκ
699 1436 734 1504 ἐκ
755 1443 816 1505 τού
839 1439 972 1528 φεύγειν
995 1438 1072 1516 τούς
1095 1437 1185 1526 ἐλέγ-

105 1569 200 1628 χουςς
229 1536 351 1631 άνάγκη
381 1539 515 1630 μεγάλη.
564 1545 731 1629 φαίνομαι
752 1547 864 1609 τοίνυν
887 1538 949 1627 ἐγώ
973 1541 1033 1625 μέν
1056 1540 1185 1608 διώκων

107 1650 213 1714 ταῦτα
234 1648 291 1712 καὶ
312 1642 354 1711 τὰ
377 1642 558 1732 πράγματα
574 1641 622 1721 εἰς
642 1643 811 1728 βασάνους
834 1637 932 1728 άγιον,
957 1637 1053 1719 οὗτος
1075 1640 1186 1709 6ὲέπί

109 1746 271 1835 διαβολὰς
291 1749 346 1813 καὶ
370 1745 487 1832 λόγους
507 1744 691 1826 καθιστάς,
715 1738 734 1812 ό
754 1771 818 1832 περ
843 1740 883 1811 ύν
906 1769 956 1822 τις
977 1746 1186 1811 πλεονεκτεῖν

107 1850 310 1937 βουλόμενος
331 1847 514 1935 ποιήσειεν.
552 1846 646 1936 ἐχρῆν
669 1847 705 1913 δέ
731 1841 841 1927 αότόν,
866 1848 899 1914 εἰ
912 1852 975 1935 πέρ
998 1873 1033 1913 τι
1056 1846 1217 1919 ὁίκαιον4

109 1951 243 2042 ἐφρόνει
265 1954 320 2019 καί
342 1949 387 2038 μη
403 1949 684 2038 παρακρούεσθαι
697 1948 759 2027 τὰς
776 1944 937 2035 ύμετέρας
959 1948 1092 2035 γνώμας
1114 1946 1186 2036 ἐζή-

108 2081 168 2137 τει,
191 2054 235 2142 μὴ
259 2053 306 2138 μὰ
321 2058 391 2120 Δία
412 2055 519 2119 ταῦτα
534 2065 656 2132 ποιεῖν,
680 2045 755 2118 ἀλλ’
775 2049 833 2118 ἐπὶ
852 2050 911 2118 τόν
927 2049 1086 2137 λογισμόν
1101 2048 1186 2134 μετὰ

107 2155 283 2245 μαρτύρων
313 2154 426 2221 ἐλθεῖν
453 2157 510 2220 καὶ
533 2152 696 2235 ἐξετάζειν
721 2153 843 2221 ἐκαστα
864 2156 930 2220 τών
960 2151 993 2220 ἒν
1018 2156 1067 2239 τῴ
1090 2151 1187 2240 λόγῳ,

110 2263 226 2326 τούτου
251 2255 310 2324 τόν
336 2256 464 2344 τρόπον
492 2249 575 2343 παρ’
607 2253 688 2339 ἐμοῦ
718 2255 990 2340 πυνθανόμενον·
1025 2253 1187 2344 εἰσφοράς

111 2361 221 2449 λογίζῃ
245 2359 374 2441 πόσαςς
394 2357 507 2436 τόσας.
543 2356 627 2424 κατὰ
650 2358 759 2425 πόσον
783 2352 939 2446 άργύριου
963 2357 1187 2446 εἰσενηνεγμέ-

110 2489 169 2543 νας
175 2493 186 2547 ς
199 2461 284 2531 κατά
299 2460 400 2529 τόσου
415 2463 470 2528 καί
484 2460 595 2527 τόσου.
632 2458 716 2526 κατὰ
732 2473 819 2528 ποῖα
835 2466 1058 2548 ψηφίσματος
1079 2463 1186 2525 ταυτί.

109 2568 232 2643 ταύτας
254 2565 411 2653 εἰλήφασι
425 2570 531 2644 τίνεςς
554 2563 635 2630 οἵδε.
679 2566 783 2629 ταῦτα
804 2561 1052 2651 μαρτυρόμενον
1075 2561 1221 2650 (ἐχρῆνῡ

110 2663 225 2754 αὐτὸν)
249 2672 446 2753 σκέψασθαι
474 2664 515 2732 τὰ
538 2671 761 2754 ψηφίσματα,
789 2664 827 2731 τὸ
858 2667 993 2751 πλῆθος
1021 2667 1088 2730 τών
1117 2663 1186 2731 εἰσ-

110 2774 234 2860 φορών,
262 2768 305 2836 τὰ
336 2768 598 2857 εἰσενηνεγμένα,
627 2765 705 2844 τούς
735 2766 913 2852 λαβόντας,
936 2768 993 2833 καί
1015 2766 1046 2832 εἰ
1068 2753 1186 2850 μένεύ

194 3011 209 3061 3
228 3006 369 3076 ίταιρίαιτι
388 3022 437 3060 em.
456 3005 610 3074 Sauppe-
629 3009 645 3058 4
662 3006 751 3057 ἔοικεν
768 3002 794 3055 Μ
816 3033 848 3042 -
872 3008 887 3058 5
904 2998 1117 3076 ἀπολογιῖαθαιι
1135 3023 1151 3056 ο
1172 3009 1182 3058 l

110 3143 136 3193 in
154 3157 204 3194 ras,
221 3141 265 3193 Η
284 3169 315 3179 -
335 3144 351 3194 6
369 3137 510 3213 ἐγκέκληκε
528 3140 555 3207 F,
578 3107 735 3212 ίγκέκληύάι
752 3141 774 3192 Α
797 3170 831 3179 -
851 3159 899 3208 μοι
917 3143 969 3208 μὲν
986 3141 1028 3193 AF
1046 3168 1079 3180 -
1102 3126 1185 3194 ’λούν

109 3227 160 3279 del.
179 3225 225 3279 Bk
293 3222 320 3280 6.
342 3229 353 3278 1
372 3221 537 3293 εἴρηΙπρόεΡ
555 3254 588 3264 -
606 3228 622 3278 2
639 3221 802 3298 μαρτύρωνε
821 3239 870 3278 em.
886 3226 957 3293 vulg.
975 3255 1009 3266 -
1030 3224 1123 3293 οἴομαι
1140 3219 1183 3276 ἰέι

109 3326 158 3365 em.
177 3311 268 3380 Sylbg.
286 3340 320 3349 -
338 3313 353 3364 3
371 3305 465 3364 πόθεν
483 3305 529 3363 δί.
540 3349 546 3366 .
557 3307 682 3366 ,τούτων
699 3327 724 3363 υ.
742 3314 759 3364 4
776 3311 802 3362 in
821 3325 872 3378 mg.
890 3310 949 3364 add.
966 3309 1014 3363 Ml
1036 3338 1069 3349 -
1091 3313 1108 3363 4
1125 3305 1185 3362 τού·

107 3415 167 3448 τιον
185 3397 212 3447 in
223 3411 273 3449 ras.
286 3394 305 3446 F
316 3397 348 3448 1?
367 3423 398 3434 -
418 3400 433 3448 6
450 3395 503 3462 μὲν
515 3394 598 3448 om.F
615 3425 649 3434 -
667 3400 691 3450 5.
709 3399 725 3450 6
744 3390 856 3447 διώκων
867 3393 970 3447 ταύτας
988 3390 1082 3447 δίκαια
1094 3393 1184 3447 παιών

108 3475 202 3533 πάντα
220 3479 331 3548 Sauppe,
349 3481 379 3536 st.
392 3475 507 3532 διοικῶν
518 3498 543 3533 τ.
562 3509 596 3519 -
614 3482 629 3533 8
647 3481 787 3546 ίποίησευε
807 3495 856 3532 em.
869 3478 988 3533 Schoem.
1040 3479 1067 3533 4.
1085 3483 1100 3531 2
1119 3497 1184 3550 φρο·

108 3568 152 3616 νεῖ
161 3569 188 3617 et
205 3566 281 3630 ζητεῖ
295 3565 354 3616 libri
367 3566 469 3632 (ζητεῖν
481 3566 528 3631 A):
546 3581 595 3619 em.
613 3564 675 3618 Μελ.
693 3594 728 3604 -
745 3561 973 3637 παρακρούεσθαι
985 3564 1012 3627 F,
1030 3560 1184 3638 παρακρού-

108 3648 211 3702 σεσθαι
222 3648 269 3701 ΒΜ
281 3646 604 3720 (παρακρούσασθαιΑἰ)
620 3679 655 3690 -
672 3655 689 3705 4
706 3651 809 3703 ἕκαστα
827 3651 854 3702 in
872 3666 921 3703 ras·
936 3649 954 3700 F
963 3654 975 3704 1
994 3680 1028 3689 -
1047 3654 1062 3703 6
1080 3645 1167 3703 πόσαε
1173 3670 1184 3714 ς

107 3736 182 3788 Rsk.:
207 3732 274 3806 πρὸε
293 3765 323 3773 -
340 3731 410 3788 κατὰ
432 3732 520 3790 πόσον
536 3735 612 3788 Βαίας
634 3739 680 3788 καῖ
704 3731 792 3790 πόσον
816 3764 850 3774 -
874 3739 899 3790 6.
917 3739 931 3788 ’ί
950 3735 1180 3807 εἰσινηνεγμίνητε

107 3836 157 3874 em.
177 3821 268 3890 Sylbg.
286 3850 320 3859 -
338 3825 352 3873 Ἰ
371 3823 437 3873 ποῖα
452 3820 528 3873 ask:
546 3815 620 3875 πόσα
636 3821 703 3874 libri.
771 3821 798 3876 6.
819 3825 831 3874 l
850 3818 879 3872 οἱ
895 3816 925 3872 δί
942 3821 1030 3873 ταῦτα
1047 3817 1183 3891 μαρτυρό·

107 3923 185 3971 μενοι
202 3906 269 3972 libri,
287 3925 304 3974 ρ
321 3909 337 3959 2
355 3905 381 3958 in
399 3921 448 3959 ras.
464 3905 489 3958 Μ
503 3910 528 3958 1:
547 3906 643 3958 mutavi
661 3905 693 3958 de
711 3921 768 3958 meo
787 3934 820 3945 -
838 3904 919 3976 ἐχρῆν
936 3904 993 3960 add.
1006 3904 1118 3972 Sauppe,
1136 3898 1182 3956 αἰ·-

107 3988 357 4044 ὼὼὼω

942 4058 994 4110 10*
