2626 4476
91 261 113 301 ,,
127 249 160 293 ⁷2.
393 234 470 286 unm
487 234 552 288 του
570 234 712 290 ωυσσου
730 234 868 288 κυκνον.
1105 235 1164 297 101

92 427 153 485 μοι
180 401 268 488 πρὸς
297 406 428 470 τοῦτον·
458 402 520 490 ἐγώ
550 403 610 487 μὲν
637 403 700 491 γὰρ
729 403 807 471 ε’ίων
837 397 936 471 αύτδν
966 399 1168 495 ἀδελφιδοῦν

92 498 175 570 ὅντα
197 508 257 571 τοῦ
279 503 427 571 πάππου
450 508 555 571 ταῦτα
577 505 690 572 πάντα
713 522 900 592 συμποιεῖν,
923 507 1029 594 τούτῳ
1053 500 1084 574 δ’
1111 500 1165 591 ’ἔμ’

92 602 132 672 ού
153 608 320 692 προσῆκεν
343 603 409 687 ἐᾶν,
434 606 531 692 ε’ίπερ
554 600 668 696 ἀληθῆ
689 613 794 676 ταῦτα
809 596 848 698 ἦν
872 603 973 694 ἀπερ
991 613 1047 677 νῦν
1063 611 1167 696 λέγειν

91 708 271 791 τολμῶσιν.
323 700 399 773 ἀλλ’
426 701 513 773 ούτω
535 712 576 796 τῇ
598 710 875 798 τοῦπράγματος
905 705 1051 800 ἀληθείη
1072 735 1168 777 κατε·
1185 719 1223 777 22

91 809 276 897 πέπληκτο,
299 801 382 874 ὥστ’
409 802 481 877 οὐδ’
508 809 564 879 ἐπὶ
587 816 647 879 τοῦ
668 812 838 900 μνήματος
864 811 943 897 ἐμοῦ
965 817 1167 897 ποιουμένου

93 908 221 996 λόγους,
243 913 301 978 καὶ
313 913 573 997 κατηγοροῦντος
587 917 769 992 Διοκλέους
783 909 836 982 ότι
850 913 892 981 τὰ
911 915 1065 1002 χρηματα
1081 907 1169 980 ἀπο-

93 1015 220 1100 στερῶν
241 1011 360 1078 τοῦτόν
381 1037 441 1096 μοι
463 1017 623 1082 πέπεικεν
646 1009 879 1106 ἀμφισβητεῖν,
910 1010 968 1083 ούκ
989 1015 1169 1104 ἐτόλμησεν

91 1113 209 1202 γρῦξαι
229 1112 267 1181 τὸ
284 1113 449 1202 παράπαν
464 1110 559 1182 οὐδὲν
582 1110 654 1183 055'
673 1118 783 1187 εἰπεῖν
806 1119 826 1186 ἀ
846 1122 902 1186 νῦν
923 1120 1031 1206 τολμᾷ
1054 1119 1169 1203 λέγειν.

92 1218 163 1283 Καὶ
184 1209 289 1283 ταῦθ’
316 1209 369 1284 ότι
392 1210 505 1306 ἀληθῆ
528 1219 621 1304 λέγω,
644 1219 738 1288 κάλει
759 1248 819 1306 μοι
836 1220 963 1288 τούτων
984 1218 1062 1297 τούς
1084 1218 1170 1304 μόρ-

92 1343 205 1407 τυρας.

522 1425 743 1478 ΜΑΡΤΥΡΕΣ.

179 1504 299 1572 Πόθεν
324 1503 385 1592 χρὴ
417 1506 643 1574 πιστεύεσθαι
670 1506 712 1574 τὰ
740 1506 913 1594 εἰρημένα,
947 1499 1006 1573 ούκ
1038 1505 1073 1573 ἐκ
1103 1509 1221 1574 uma

92 1610 301 1693 μαρτυριιῦνς
329 1603 425 1691 οἶμαί
445 1632 491 1693 γε.
542 1607 654 1674 πόθεν
677 1609 714 1675 δὲ
735 1607 813 1686 τούς
840 1608 1027 1697 μόρτυρας;
1055 1600 1114 1674 οὐκ
1136 1606 1171 1674 ἐκ

92 1733 161 1774 των
182 1707 353 1792 βασάνων,·
375 1709 463 1788 εἰκός
484 1735 530 1797 γε.
573 1710 685 1776 πόθεν
704 1712 709 1796 Ι
730 1703 798 1776 δ’
781 1723 937 1778 απιστεῖν
951 1723 1024 1788 τοῖς
1044 1709 1171 1777 τούτων

92 1808 225 1928 λόγοις,·
247 1803 305 1876 ούκ
327 1809 362 1877 ἐκ
376 1815 435 1878 τού
458 1812 592 1901 φεύγειν
606 1809 685 1890 τούς
701 1805 907 1899 ἒλέγχοος;
890 1811 1011 1911 ανάγκη
1034 1811 1170 1901 μεγάλη.

92 1914 169 1991 πῶς
185 1895 243 1979 οάν
255 1906 295 1978 ἀν
309 1938 361 1991 τις
377 1918 583 2002 σαφέστερον
599 1913 779 1992 ἐπιδείξειε
787 1920 930 2032 γνησίαν
946 1911 1048 1980 ούσαν
1062 1918 1171 2033 θιγγα-

91 2017 173 2102 τέρα
194 2019 241 2080 Κί
242 2039 347 2103 ρωνος
368 2041 427 2102 την
449 2020 576 2105 μητέρα
597 2015 657 2104 τὴν
673 2014 760 2138 ἒμην
782 2042 801 2104 η
823 2018 941 2083 τούτου
962 2012 1020 2081 τὸν
1042 2013 1171 2101 τρόπον

93 2112 300 2200 ἐπιδεικνύς,·
321 2143 388 2184 των
409 2117 469 2201 μὲν
491 2112 683 2185 παλαιῶν
665 2144 766 2207 ακοην
787 2115 1042 2206 μαρτυρούντων
1063 2140 1170 2203 παρε-
1183 2129 1222 2186 29

90 2217 242 2303 χόμενος,
264 2222 331 2286 τῶν
355 2218 390 2286 δέ
412 2217 463 2286 ἔτι
485 2219 615 2300 ζώντων
634 2219 713 2298 τούς
735 2219 868 2297 εἰδότας
891 2218 1012 2285 ἕκαστα
1034 2216 1170 2297 τούτων,

94 2322 128 2387 οἳ
150 2318 333 2407 συνῄδεσαν
355 2313 440 2406 παρ’
467 2318 580 2408 ἐκείνῳ
601 2326 816 2411 τρεφομένην,
844 2324 1016 2407 θυγατέρα
1038 2317 1171 2403 νομιζο-

92 2425 204 2511 μένην,
227 2421 280 2499 δὶς
301 2418 509 2504 ἐκδοθεῖσαν,
534 2423 585 2503 δὶς
608 2422 836 2512 ἐγγυηθεῖσαν,
860 2421 910 2489 έτι
932 2421 968 2488 δὲ
983 2423 1062 2507 περὶ
1084 2419 1171 2486 πάν-

93 2548 160 2592 των
187 2522 315 2590 τούτων
341 2522 490 2609 βάσανον
520 2523 556 2603 ἐξ
585 2525 720 2592 οἰκετων
748 2524 974 2614 πεφευγότας,
1005 2512 1039 2589 οἳ
1065 2525 1172 2589 ταῦτα

94 2624 207 2692 πάντα
228 2620 360 2713 ᾔδεσαν,
384 2624 485 2713 ἐ’γωγε
505 2623 554 2711 μά
575 2625 654 2707 τούς
674 2625 779 2704 θεούς
799 2625 878 2704 τοδς
895 2620 1098 2708 Ὀλυμπίους
1113 2616 1172 2689 ούκ

95 2716 136 2794 ἀν
150 2725 260 2811 ἔχοιμι
274 2732 408 2806 πίστεις
422 2727 556 2811 μείζους
569 2728 696 2796 τούτων
712 2728 831 2810 εἰπεῖν,
854 2720 929 2795 ἀλλ’
950 2723 1064 2804 ἱκανὰς
1085 2720 1172 2791 ελναι

95 2827 218 2913 νομίζω
240 2827 301 2906 τὰς
324 2828 508 2917 εἰρημένας.

182 2934 270 3018 Φέρε
292 2929 342 3017 δή,
365 2933 421 2997 καὶ
436 2927 482 3010 ὥς
503 2931 666 3021 προσήκει
688 2930 763 3016 ἐμοὶ
784 2933 911 3017 μᾶλλον
932 2920 954 3016 ἢ
974 2927 1082 3016 τούτῳ
1104 2930 1171 2994 τῶν
1185 2939 1224 2999 80

94 3037 247 3120 Κέρωνος
266 3031 454 3120 χρημάτων,
478 3037 534 3101 νύν
554 3028 617 3122 ἤδη
640 3036 739 3101 τοῦτο
762 3031 932 3112 ἐπιδείξω.
971 3033 1026 3097 καὶ
1048 3028 1172 3113 νομίζω

94 3133 155 3218 μέν
179 3129 296 3213 ἀπλως
318 3130 437 3221 [καὶ]
420 3148 498 3220 υμῖν
519 3129 582 3222 ἤδη
598 3132 685 3203 εἶναι
700 3133 845 3303 φανερόν
861 3128 915 3204 ότι
932 3126 990 3203 ούκ
1012 3129 1172 3218 ἐγγυτέρω

181 3473 224 3529 2⁷.
245 3478 267 3528 1.
286 3478 301 3528 2
319 3471 544 3540 καταπέπληκτοε
562 3474 678 3527 em.Ald.
696 3504 730 3514 -
748 3478 770 3528 2.
781 3471 921 3542 μνήματοτ
939 3472 1069 3525 Schema
1087 3467 1173 3539 βῆμα·

95 3574 140 3612 τοι
157 3588 191 3600 -
209 3562 224 3613 3
242 3562 289 3611 καὶ
306 3560 332 3612 in
351 3576 376 3612 v.
389 3559 473 3612 add.1
492 3588 527 3600 ·-
545 3565 560 3613 5
578 3555 675 3631 γρύξω
693 3558 808 3626 Scaliger
826 3562 889 3625 (acc.
910 3573 957 3610 em.
977 3557 1062 3621 Gob.):
1073 3551 1174 3626 «desta

95 3672 128 3684 -
146 3637 209 3698 055'
224 3636 361 3696 Bkaozoe'
377 3645 476 3710 -6·l.
487 3638 580 3709 ἀληθῆ
591 3645 618 3696 in
630 3660 682 3711 mg.
695 3647 722 3696 et
734 3645 758 3709 ·l.
772 3647 833 3712 post
843 3637 887 3696 ὅτι
898 3642 957 3696 αδδ.
972 3646 994 3695 1.
1028 3639 1172 3708 28.lsqq.

96 3728 129 3782 ef.
146 3728 258 3783 fnum.
328 3726 374 3782 ²⁹.
394 3733 406 3782 1
425 3727 488 3782 τοῦτ
505 3724 588 3794 ἀκοὴν
604 3729 810 3800 μαρτυρούντων
821 3728 884 3780 Rsk.
900 3757 934 3768 -
953 3731 968 3780 5
986 3724 1098 3779 τούτους
1115 3725 1173 3779 Δλδ.

98 3814 222 3882 ολ.να1ςο
239 3843 274 3854 -
292 3818 308 3868 6
325 3816 412 3886 Ιγωγι
430 3813 505 3866 Dbr.:
524 3810 578 3884 έγώ
596 3809 628 3865 δὲ
644 3843 677 3853 -
696 3818 711 3867 ῖ
729 3815 804 3880 mcc.
823 3829 869 3881 pn,
888 3828 952 3866 corr.
972 3817 985 3865 1
1009 3841 1043 3852 -
1070 3809 1175 3863 ἱκαυῶσ

97 3913 144 3966 pn,
162 3914 226 3953 oon.
246 3903 269 3952 1.
355 3897 401 3953 80.
422 3902 433 3951 1
454 3900 514 3966 ἐμοὶ
535 3897 598 3950 Bk:
621 3917 669 3965 μοι
686 3914 707 3951 s.
725 3915 751 3954 v.
773 3899 792 3952 1'
808 3926 842 3937 -
866 3899 950 3964 3μόυ
970 3898 997 3950 in
1021 3911 1071 3949 ras.
1090 3899 1106 3949 3
1123 3896 1174 3947 litt.

100 3996 162 4038 σοπ.
183 3987 195 4037 1
215 4013 249 4023 -
267 3987 313 4036 καῖ
331 3999 351 4037 s.
369 3999 394 4036 v.
416 3987 442 4036 l:
461 3983 511 4036 del.
530 3983 562 4035 de
579 3997 646 4038 meo.
