2626 4476
89 250 160 304 ια.
407 233 484 287 σενι
500 233 565 287 Tor
582 233 854 312 Ασσισκκισεοκ.
1108 230 1167 291 127

92 407 149 474 καί
173 397 269 481 όπως
291 401 336 491 μὴ
361 401 464 469 ἐκεῖνο
488 402 582 490 ἐρεῖς,
606 397 659 471 ότι
682 401 762 488 ἐμδς
784 397 996 493 ἀδελφιδοῦς.
1048 395 1085 469 ού
1108 401 1171 489 γὰρ

93 509 254 596 περὶτοῦ
283 503 364 590 ἐμοῦ
392 504 510 593 κλήρου
540 509 596 573 νῦν
619 501 636 572 δ
662 504 759 592 λόγος
781 504 868 574 ἐστί·
899 505 944 586 ζῶ
965 504 1038 592 γάρ.
1083 504 1113 572 εἰ
1136 498 1167 570 δ’

90 595 131 700 ἦν
161 605 268 685 ἀπαις
296 606 358 694 ἐγῶ
391 606 627 695 τετελευτηκώς
655 610 711 675 καὶ
739 601 948 698 ἠμφεσβήτει
976 611 1042 674 τῶν
1072 606 1169 693 ἐμῶν,

90 715 190 780 τοῦτο
228 700 268 777 ἀν
295 714 461 799 προσῆκεν
492 703 746 798 ἀποκρίνασθαι
780 709 993 799 ἐρωτωμένῳ.
1049 713 1105 776 νῦν
1135 710 1172 777 δέ

92 811 159 903 φὴς
179 816 247 878 τῶν
268 807 400 898 Ἁγνίου
419 810 598 900 χρημάτων
620 810 657 878 τδ
681 807 876 900 ἡμικλήριον
899 807 986 879 εἶναι
1007 815 1065 878 τοῦ
1087 837 1171 879 παι-

92 915 165 993 δός·
190 915 242 982 δεῖ
263 914 302 1003 δή
327 936 365 981 σε
386 917 445 1002 τῆς
468 908 667 1000 ἀγχιστείας,
691 906 710 980 ό
733 939 766 980 τι
788 908 805 981 δ
829 926 912 991 παῖς
926 909 1042 1002 Ἁγνίᾳ
1064 936 1170 1001 προσ-

90 1017 173 1106 ήκει,
195 1015 234 1083 τδ
257 1021 352 1103 γένος
375 1015 493 1082 εἰπεῖν.
539 1015 670 1104 φράσον
694 1001 750 1082 σύν
772 1022 932 1084 τουτοισί.

177 1117 407 1184 Αίσθάνεσθε
429 1110 482 1183 ότι
498 1110 555 1183 ούκ
578 1117 644 1200 ἐχει
666 1116 725 1206 τὴν
743 1121 932 1204 συγγένειαν
948 1117 1065 1199 εἰπεῖν,
1090 1109 1164 1183 ἀλλ’
1186 1133 1204 1190 6

93 1215 311 1308 ἀποκρίνεται
334 1217 446 1285 πάντα
467 1210 637 1307 μᾶλλονῆ
659 1218 678 1287 δ
702 1220 753 1286 δεῖ
773 1223 899 1303 μαθεῖν
921 1215 1017 1305 ὑμᾶς.
1061 1225 1172 1288 καίτοι

91 1323 150 1391 τόν
176 1347 213 1410 γε
241 1321 433 1410 πράττοντά
462 1347 496 1388 τι
520 1321 648 1388 δίκαιον
671 1314 709 1387 ού
738 1324 905 1408 προσῆκεν
928 1314 1069 1405 ἀπορεῖν
1092 1315 1167 1387 ἀλλ’

93 1419 196 1504 εύθδς
219 1427 334 1510 λέγειν,
356 1421 480 1510 καὶμὴ
502 1421 605 1508 μόνον
627 1425 726 1489 τοῦτο
751 1437 873 1504 ποιεῖν,
904 1415 989 1489 ἀλλὰ
1016 1426 1071 1490 καί
1098 1423 1170 1491 διό-

92 1532 244 1612 μνυσθαι
266 1528 322 1592 καὶ
337 1529 396 1591 τού
417 1529 531 1610 γένους
545 1529 758 1613 παρέχεσθαι
771 1524 950 1612 μάρτυρας,
973 1525 1029 1592 ἵνα
1043 1526 1170 1608 μᾶλλον

92 1619 157 1717 [ἀν]
181 1627 376 1696 ἐπιστεύετο
398 1620 461 1717 ἀφ’
486 1623 588 1711 ὑμῶν.
633 1630 689 1694 νῦν
712 1620 745 1693 δ’
771 1620 827 1715 ἐφ’
854 1626 905 1705 οἷς
928 1619 1109 1715 ἀπόκρισιν
1131 1620 1169 1694 ού

93 1732 244 1812 δέδωκεν,
275 1723 312 1798 ού
341 1728 510 1817 μάρτυρας
542 1733 736 1817 παρέσχετο,
768 1723 824 1812 οὐχ
847 1721 944 1816 όρκον
967 1723 1107 1813 ῶμοσεν,
1132 1722 1169 1796 οά

92 1833 195 1918 νόμον
213 1833 219 1917 Ι
239 1826 427 1917 ἀνέγνωκεν,
457 1830 563 1898 οίεται
595 1831 663 1899 δεῖν
691 1828 791 1916 ἀμᾶς,
818 1825 1036 1915 ὀμωμοκότας
1059 1842 1169 1919 ψηφι-

93 1940 210 2003 εῖσθαι
232 1931 317 2001 κατά
341 1932 419 2011 τούς
442 1932 573 2018 νόμους,
597 1926 686 2020 αὐτῶ
709 1937 937 2017 πειθομένους
966 1931 1047 2017 ἐμοῦ
1067 1959 1169 1999 κατα-

91 2041 216 2124 γνῶναι
236 2033 358 2123 ταύτην
381 2032 440 2123 τὴν
464 2035 671 2122 εἰσαγγελίαν
693 2035 786 2121 παρὰ
808 2033 887 2113 τούς
916 2033 1052 2118 νόμους·
1082 2028 1168 2101 ούτω

92 2139 243 2222 σχέτλιος
275 2138 331 2203 καὶ
361 2129 499 2223 ἀναιδὴς
527 2132 712 2226 ἀνθρωπός
746 2135 845 2204 ἐστιν.
901 2129 979 2202 ἀλλ’
1011 2131 1069 2204 ούκ
1103 2134 1200 2224 ἐγῶῖ

93 2239 227 2329 ποιήσω
249 2236 375 2306 τούτων
399 2232 503 2320 οὐδέν,
528 2233 612 2304 ἀλλὰ
634 2242 689 2306 καὶ
711 2237 749 2306 τὸ
772 2244 865 2325 γένος
887 2237 952 2327 ἐρῶ
968 2233 1091 2324 τοάμδν
1113 2241 1167 2305 καί

92 2335 175 2408 ὅθεν
196 2366 255 2426 μοι
278 2340 440 2429 προσήκει
462 2344 520 2428 τῆς
541 2342 776 2428 κληρονομίας,
803 2344 858 2407 καὶ
880 2338 939 2408 τδν
960 2341 1070 2409 παῖδα
1093 2340 1169 2409 ἐπι·

94 2442 190 2523 δείξω
212 2445 267 2510 καί
290 2440 368 2518 τοδς
389 2441 554 2529 πρότερον
570 2437 891 2531 ἀμφισβητήσαντας
914 2441 988 2526 ἐμοὶ
1010 2446 1069 2508 τοῦ
1091 2438 1169 2530 κλή-

93 2569 150 2628 ρου
173 2543 304 2621 πάντας
328 2543 390 2622 ἐξω
406 2547 465 2630 τῆς
488 2538 675 2631 ἀγχιστείας
698 2539 806 2629 όντας,
830 2536 919 2610 ὥσθ’
939 2540 1024 2628 δμάς
1047 2539 1169 2627 ὁμολο-

91 2659 168 2731 γεῖν.
215 2639 336 2734 ἀνάγκη
369 2640 399 2711 δ’
426 2644 516 2713 ἐστίν
545 2645 582 2724 ἐξ
603 2639 702 2735 ἀρχῆς
723 2645 765 2712 τὰ
793 2643 1021 2734 συμβεβηκότα
1044 2644 1167 2712 εἰπεῖν·

93 2746 125 2814 ἐκ
151 2746 277 2815 τούτων
299 2746 362 2834 γὰρ
384 2747 557 2834 γνώσεσθε
584 2747 644 2835 τήν
665 2773 702 2814 τε
724 2746 804 2836 ἐμὴν
827 2743 1015 2834 ἀγχιστείαν
1037 2751 1093 2814 καὶ
1116 2739 1170 2814 ότι

92 2849 224 2928 τούτοις
246 2843 341 2917 οάδέν
363 2849 526 2938 προσήκει
548 2853 606 2936 τῆς
628 2852 858 2939 κληρονομίας.

172 2945 252 3038 Ἐγιδ
275 2950 337 3039 γὰρ
360 2954 416 3018 καὶ
438 2947 580 3038 Ἁγνίας,
604 2937 630 3017 εἶ
654 2947 779 3040 ἀνδρες,
801 2955 858 3020 καὶ
881 2945 1085 3040 Εὐβουλίδης
1111 2954 1201 3024 καὶ8

92 3055 300 3142 Στρατοκλῆς
322 3056 378 3120 καὶ
400 3059 561 3140 Στρατίος
584 3049 602 3120 δ
632 3059 691 3143 τῆς
712 3050 843 3141 Ἁγνίου
871 3051 996 3142 μητρός
1022 3047 1169 3140 ἀδελφὸς

93 3154 127 3234 ἐξ
148 3150 299 3242 ἀνεψιῶν
328 3153 426 3239 ἐσμεν
455 3155 638 3241 γεγονότες·
666 3159 720 3223 καὶ
750 3154 813 3244 γὰρ
844 3157 876 3222 οἱ
904 3159 1048 3243 πατέρες
1075 3150 1169 3241 ἡμῶν

91 3243 175 3345 ἦσαν
199 3251 337 3342 ἀνεψιοὶ
360 3255 394 3323 ἐκ
417 3257 675 3346 πατραδέλφων.
712 3253 844 3344 Ἁγνίας
867 3244 934 3338 σύν,
958 3250 1014 3324 ὅτε
1035 3255 1169 3323 ἐκτελεῖν

92 3357 355 3446 παρεσκευάζετο
372 3359 586 3446 πρεσβεύσων
610 3358 668 3427 ἐπὶ
689 3358 812 3437 ταύτας
826 3357 887 3436 τὰς
909 3357 1048 3446 πράξεις
1071 3362 1109 3423 αἳ
1128 3360 1169 3445 τῇ

92 3460 191 3528 πόλει
214 3460 451 3549 συμφερόντως
473 3458 569 3545 εἶχον,
594 3453 651 3547 ρύκ
670 3454 727 3548 ἐφ’
746 3457 824 3546 ν’μῑν
838 3474 911 3538 τοῖς
933 3458 1093 3547 ἐγγύτατα
1114 3465 1168 3545 γέ·

92 3586 181 3643 νους,
214 3561 247 3628 εἴ
267 3587 301 3628 τι
324 3562 452 3644 πάθοι,
482 3561 523 3628 τὰ
553 3557 634 3629 όντα
664 3564 850 3645 κατέλιπεν,
880 3556 953 3628 ἀλλ’
984 3560 1167 3649 ἐποιήσατο

175 3735 189 3784 '1
209 3734 254 3783 καί
273 3747 294 3785 s.
312 3749 336 3784 v.
356 3735 370 3786 2
390 3761 422 3772 ·-
440 3739 501 3800 post
519 3731 594 3799 ίμῶν
607 3747 708 3787 erasum
720 3737 761 3786 est
778 3734 880 3800 signum
894 3733 932 3801 ’,λς
950 3734 976 3785 in
989 3747 1040 3798 mg.
1053 3736 1122 3784 extat
1136 3730 1169 3799 γ..

90 3815 195 3868 κοτίνοιο
207 3816 277 3884 quod
290 3816 406 3870 additum
416 3822 479 3885 erat,
492 3832 592 3871 erasum
605 3822 645 3870 est
657 3845 690 3857 -
703 3822 718 3872 8
731 3816 853 3889 προσήκῃ
865 3835 912 3887 ρο,
924 3813 1056 3890 προσήκοι
1066 3831 1130 3868 corr.
1141 3818 1169 3867 2:

91 3913 137 3953 em.
156 3899 275 3956 δείκνυσι.
344 3901 371 3957 δ.
391 3907 406 3956 5
423 3907 585 3974 μαρτυρίοισι
610 3918 658 3956 em.
677 3903 738 3956 Gob.
763 3933 797 3944 -
819 3907 835 3957 6
852 3897 888 3955 ἀν
906 3902 956 3956 del.
974 3901 1033 3956 Dbr.
1051 3930 1084 3940 -
1101 3895 1169 3952 ἀπὸ·

90 4001 178 4053 κρισιν
196 3981 227 4037 οὗ
246 4001 311 4038 σοιν.
330 3989 353 4051 λ,
372 3981 551 4056 ἀποκρίνουσι
569 3987 618 4040 τοῦ
636 4005 674 4057 pr.
693 4018 727 4028 —
745 3991 760 4042 8
778 3987 893 4043 οἴεται..
912 4006 951 4057 pr.
