2626 4476
91 261 114 301 p.
128 249 161 291 α.
349 231 424 285 υετι
441 233 506 285 τον
522 232 763 288 ωοιιοιινον
781 233 919 287 λωτόν.
1130 233 1169 295 86

90 401 152 522 μὲν
173 399 237 486 γὰρ
259 400 317 468 τόν
338 401 465 489 τρόπον
487 401 716 524 ποιηράμενος
738 401 887 490 φανεράς
908 404 1089 491 κατέστησε
1110 404 1172 482 τὰς

92 498 195 622 66666
222 502 412 593 βουλήσεις,
445 497 524 605 όλογ
552 502 591 571 τό
621 507 761 590 πρᾶγμα
790 503 1014 592 ἓπικυρώσος,
1045 505 1171 572 δόντων

93 597 184 691 αύτώ
204 608 271 671 τών
293 599 421 689 νόμων
450 601 468 671 6
500 573 572 670 6'''
558 630 591 672 εν
622 605 805 694 διαθήκαις
834 605 1064 695 σημηνάμενος
1089 600 1170 727 666-

86 708 170 785 -λοος
192 704 346 796 ἐποίησε,
377 701 465 773 διΗ
447 733 465 773 ο
490 709 612 774 πολλοὶ
633 707 839 775 πεπλάσθαι
860 707 1046 795 φάσκοντες
1068 702 1171 828 αὐτάς

92 800 317 897 άμφισβητεῖν
341 802 473 887 άξιούσι
494 808 582 897 πρὸς
603 808 681 888 τούς
702 814 924 932 ποιηθέντας.
961 803 1094 885 ἐὀικεδ’
1114 803 1171 877 ού-

93 909 147 984 δὲν
170 905 338 998 προύργου
353 914 453 1029 τρῦτο
469 906 573 978 είναι·
595 913 652 978 καλ
673 910 735 1000 γάρ
758 905 863 990 ούτως
886 904 996 978 αύτών
1014 916 1171 1032 φανερῶς

91 1006 379 1140 πεπραγμένων
366 1007 458 1096 όμως
489 1008 575 1099 ύπὲρ
603 1017 662 1100 τῆς
693 1012 863 1134 θυγατρὸς
890 1017 950 1101 της
980 1006 1172 1091 Εὐπόλιδος

91 1106 208 1201 η’κουσι
236 1117 317 1201 περὶ
344 1118 412 1182 τών
432 1107 688 1202 Ἀπολλοδώρου
709 1114 887 1203 χρημάτων
909 1114 1064 1203 πρδςμ
1026 1115 1064 1199 ἐμ
1067 1108 1151 1199 666

92 1215 365 1303 φισβητήσοντες.
411 1215 473 1303 ἐγώ
498 1209 529 1281 δ
553 1241 583 1282 ει
573 1214 702 1300 '666‘
687 1215 800 1304 εώρων
822 1213 908 1301 ὑμᾶς
930 1219 1056 1300 μᾶλλον
1080 1141 1205 1283 666·ss

93 1317 287 1401 δεχομένους
307 1317 371 1396 τὰς
391 1308 676 1404 διαμαρτυρίας
654 1344 673 1405 η
697 1317 760 1397 τάς
775 1310 1043 1400 εύθυδικίας,
1002 1345 1063 1386 καν
1084 1318 1170 1406 μάρ-

92 1442 193 1507 τυρας
208 1412 447 1508 προύβαλόμην
465 1417 510 1506 μὴ
526 1418 680 1486 ἐπίδικον
701 1417 787 1487 εἶναι
801 1417 861 1486 τόν
874 1421 992 1507 κλῆρον
1008 1417 1053 1498 ώς
1068 1445 1170 1508 ποιη-

93 1525 238 1604 σαμένου
260 1546 302 1604 με
323 1521 397 1590 υἱόν
411 1516 668 1608 Ἀπολλοδώρου
690 1519 774 1587 κατὰ
789 1520 868 1599 τούς
889 1521 1026 1606 νόμους·
1050 1521 1167 1608 ἐπειδὴ

93 1615 126 1686 δ’
146 1615 185 1688 ού
209 1621 381 1710 διαφεύγει
393 1621 437 1688 τὰ
460 1622 573 1690 δίλαια
593 1620 639 1709 μὴ
664 1615 702 1688 ού
716 1626 772 1689 καί
786 1626 905 1689 τοῦτον
923 1622 1170 1709 γιγνώσκεσθαι

91 1722 152 1790 τόν
174 1722 310 1813 τρόπον,
333 1727 389 1791 καὶ
411 1717 495 1812 παρ’
514 1720 592 1809 ύμῖν
616 1718 729 1801 αύτοῖς
749 1717 818 1812 ἥκω
842 1722 1075 1808 διαλεξόμενος
1089 1727 1168 1810 περί

91 1828 159 1890 τών
179 1831 434 1912 πεπραγμένων,
456 1827 512 1893 ἵνα
533 1826 699 1914 μηδεμίαν
713 1821 792 1912 ἡμῖν
808 1825 919 1892 αἰτίαν
942 1829 1019 1911 περὶ
1043 1829 1102 1892 τού
1122 1824 1167 1913 μή

90 1926 278 2010 βούλεσθαι
301 1927 415 1995 δοῦναι
439 1929 532 2016 δίκην
554 1928 712 2016 τοιαύτην
734 1926 951 2016 ἕπιφέρωσιν.
997 1921 1166 2005 ἀποδείξω
1184 1937 1205 1992 4

93 2029 129 2095 66
158 2025 204 2106 ώς
234 2022 272 2096 ού
300 2025 404 2110 μόνον
434 2026 493 2096 ἐπὶ
519 2044 591 2108 τοῖς
620 2028 785 2117 ἐγγυτάτω
818 2034 933 2114 γένους
958 2027 1018 2096 τόν
1050 2029 1169 2116 κλῆρον

92 2125 349 2216 Ἀπολλόδωρός
371 2123 408 2196 ού
431 2134 663 2256 καταλέλριπε,
688 2129 800 2197 πολλὰ
814 2133 870 2197 καὶ
893 2129 986 2197 δεινὰ
1008 2127 1075 2196 ύπδ
1092 2128 1169 2195 τού-

91 2257 159 2298 των
183 2225 365 2322 ἀδικηθείς,
390 2226 476 2298 άλλά
498 2237 555 2300 καὶ
569 2230 616 2311 ώς
631 2233 688 2317 ἐμὲ
711 2232 895 2354 ἐποιήσατρ
919 2229 1108 2313 δικαίως,”
1088 2258 1169 2298 οντα

92 2327 304 2455 ἀδελφιδοῦν,
327 2337 383 2401 καὶ
404 2334 533 2455 μεγάλα
556 2329 845 2456 εύεργετημένος“
829 2328 888 2423 οφ)
907 2331 1011 2422 ἡμῶν.
1050 2335 1105 2400 δέο
1107 2360 1169 2418 μαι

57 2525 59 2528 ⁴
92 2430 169 2501 66‘
150 2438 253 2519 υμών,
275 2433 302 2501 6
327 2431 452 2562 άνδρες,
476 2436 613 2503 πάντων
636 2431 805 2519 ομοίως
777 2460 909 2501 εονοιαν
923 2461 960 2502 τε
982 2461 1041 2519 ιοι
982 2461 1169 2535 πφιρα

92 2550 191 2620 σχεῖν,
213 2526 274 2604 κάν
297 2535 355 2604 ἐπὶ
370 2535 429 2604 τόν
443 2539 562 2624 κλῆρον
577 2530 777 2658 άναιδώς’
740 2534 860 2612 αυτούς
875 2535 987 2615 ἰόντας
1003 2536 1167 2656 ἐξελέγχω,

89 2643 233 2727 βοηθεῖν
261 2664 322 2722 μοι
349 2637 391 2704 τὰ
420 2639 543 2707 δίκαια
595 2637 783 2725 ποιήσομαι
806 2631 910 2716 δως
936 2629 976 2704 άν
999 2631 1087 2724 κάγώ
1111 2637 1168 2702 δύ-

92 2756 202 2823 νωμαι
224 2739 281 2808 διὰ
299 2739 516 2829 βραχυτάτων
538 2739 616 2819 τούς
638 2739 764 2827 λόγους,
789 2738 825 2819 ἐξ
846 2733 995 2827 ἀρχῆς
970 2766 1016 2818 ως
1039 2737 1168 2821 ἔχοντα

89 2840 251 2928 γενόμενα
272 2839 478 2909 διδάσκων“
460 2847 556 2928 υμᾶς.

177 2938 327 3062 Εύπολις
347 2942 419 3031 γάρ,
443 2971 469 3010 ω
456 2931 620 3031 ἄνδρες,
643 2948 700 3011 καὶ
723 2944 917 3066 Θράσυλλος
937 2946 994 3010 καὶ
1017 2888 1204 3061 ΜνησωνὸΙ

91 3031 275 3166 6666666
255 3067 340 3132 ησαν
362 3041 564 3134 ὁμομήτριοι
577 3049 632 3113 καὶ
622 3041 864 3165 τὁμοπάτριοι.
903 3044 1036 3123 τούτοις
1051 3037 1168 3111 ούσίαν

90 3140 109 3213 6
132 3143 245 3234 πατὴρ
266 3148 425 3215 κατέλιπε
446 3140 633 3235 πολλήν,“
612 3142 700 3215 ώστε
721 3151 777 3215 καί
807 3145 1049 3234 λειτουργειν’
1031 3168 1167 3213 εκασιον

91 3239 277 3326 όξιούσδαι
304 3242 388 3335 παρ’
413 3244 501 3332 ύμῖν.
552 3248 674 3337 ταύτην
702 3248 821 3317 ἐκεῖνοι
849 3263 939 3337 τρεῖς
967 3244 1061 3325 όντες
1083 3246 1167 3313 ἐνεί-

54 3397 57 3405 ·
88 3374 197 3433 μαντο
220 3347 308 3437 πρὸς
329 3342 501 3437 ἀλλήλους.
545 3349 670 3417 τούτων
694 3349 753 3417 δύο
772 3349 985 3439 ἐτελεύτησαν
1007 3351 1092 3435 περὶ
1108 3347 1168 3414 τόν

160 3550 187 3608 2.
205 3557 221 3606 5
239 3547 420 3607 πιπίώστδαι
437 3568 476 3620 pr.
543 3550 570 3606 δ.
590 3555 614 3606 2.
633 3556 648 3605 3
666 3553 717 3620 leg.
734 3546 858 3623 μάρτυρα
870 3581 904 3593 -·
922 3556 937 3604 5
954 3554 1001 3602 καί
1019 3548 1080 3602 Bk:
1097 3546 1167 3601 κατὰ

90 3666 124 3677 -
142 3641 159 3693 6
175 3641 223 3690 καί
237 3637 287 3695 del.
299 3636 373 3699 Dbr.;
391 3630 460 3707 παρ’
474 3630 549 3703 ύμῖν,
566 3629 647 3689 αύτδε
665 3636 742 3702 idem,
759 3631 842 3690 αὐτὸς
859 3653 917 3690 cum
934 3635 995 3690 Rsk.
1012 3662 1048 3674 -
1061 3637 1074 3685 7
1088 3629 1164 3701 δμῖν;

92 3738 141 3777 em.
153 3721 215 3776 Rsk.
267 3722 294 3777 4.
309 3725 320 3774 1
335 3721 365 3774 rt.
383 3717 511 3783 ἐπιδείξω
529 3751 563 3761 -
581 3724 596 3773 5
613 3723 696 3791 μέγας
714 3737 763 3774 em.
775 3721 833 3774 Dbr.
851 3752 886 3762 -
903 3727 917 3775 ’ί
937 3716 1108 3791 sesumam
1120 3735 1166 3786 pr..

91 3811 181 3861 toral
202 3837 235 3846 -·
254 3809 305 3865 69,
319 3802 438 3876 δύναμαι
454 3835 488 3848 -
505 3803 566 3857 τοδε
583 3820 638 3858 αν.
651 3810 672 3859 l.
728 3805 756 3859 5.
774 3810 789 3859 3
807 3805 1008 3860 κατέλιπε-
1025 3809 1040 3858 5
1059 3799 1166 3855 τούτων

92 3886 141 3942 δύο
158 3888 337 3958 ἐτελεύτησαν
355 3891 476 3958 Scaliger,
493 3887 602 3943 τοίπων
618 3888 661 3961 τώ
678 3883 727 3942 δύ’
746 3885 958 3958 ἐτελεστησάτην
975 3890 1035 3944 1316:
1058 3884 1166 3943 τούτων

93 3970 175 4029 δυο...
186 3972 407 4042 τελευτησάντων
424 3992 470 4043 ρο,
487 3971 596 4028 τούτων
612 3975 672 4028 τῶν
689 3991 721 4028 ex
738 3973 846 4028 τούτων
864 3992 927 4030 corr.
947 3980 959 4029 1

926 4061 958 4114 η*
