2626 4476
538 245 731 301 Pulururtd.
1129 253 1174 307 Vll

94 404 168 466 mini
189 420 277 483 spero
299 400 395 463 fraudi
416 401 550 464 futurum
572 421 645 466 esse.
681 403 715 466 ln
737 410 820 467 textu
840 406 960 486 punctis
980 407 1067 470 solito
1086 425 1169 471 more

96 495 218 564 lacunas
233 499 368 561 indicavi.

180 598 216 660 ln
238 597 367 658 codice
382 596 626 659 Ambrosiano
641 597 759 660 Bekker
780 599 835 679 (or.
851 601 909 662 Au.
924 600 965 662 lll
980 622 1009 683 p.
1026 605 1044 667 3
1061 604 1104 681 11.)
1123 611 1170 665 11-

94 707 190 760 statur
200 695 274 757 lsaei
284 691 361 756 solas
371 695 496 774 primam
510 703 539 755 et
550 694 672 757 alteram
684 697 834 761 orationes
845 718 918 771 esse,
930 700 1054 762 eliorum
1065 701 1167 775 multa,

94 804 211 875 patrum
226 795 400 871 fragmenta,
420 791 524 871 Lysiae
540 788 732 879 ἐπιτάφιον,
748 794 873 875 Gorgiae
890 796 1040 873 Helenam,
1062 798 1167 861 Aristi-

95 893 139 954 dis
161 899 190 952 et
210 889 381 951 Polemonis
400 889 628 952 declamationes
645 892 778 970 aliquot,
801 893 961 956 Andceidis
981 896 1018 957 de
1040 913 1114 974 pace
1138 904 1169 957 et

95 989 235 1050 adversus
245 985 425 1048 Alcibiadem
440 986 599 1050 orationes.
626 987 830 1051 Excusserunt
844 990 953 1052 librum
964 1000 994 1053 et
1009 992 1066 1053 llai
1081 993 1167 1070 (lsaei

95 1087 190 1147 oratio
206 1085 241 1146 de
257 1084 410 1164 Cleonqmi
424 1083 596 1147 hereditate.
617 1086 775 1149 Mediolani
793 1088 885 1165 1815)
905 1096 935 1149 11
950 1088 1076 1164 Beliker,
1091 1106 1168 1169 quo·

95 1202 160 1244 rum
184 1182 339 1259 utriusque
360 1181 580 1244 adnotationem
602 1185 753 1264 exscripsi.
787 1183 940 1246 interdum
956 1185 1008 1247 ubi
1024 1186 1166 1250 disertum

93 1282 131 1343 de
152 1280 261 1343 codicis
282 1278 375 1359 ipsius
398 1278 527 1341 lectione
547 1281 750 1345 testimonium
771 1284 886 1358 deerat,
915 1302 954 1344 ne
975 1284 1088 1346 incerta
1109 1303 1165 1364 pro

94 1380 184 1440 certis
196 1377 372 1451 venderem,
396 1376 468 1455 quid
482 1376 539 1438 llai
558 1378 679 1454 habeat,
700 1397 933 1441 commemorare
948 1380 1054 1460 malui,
1077 1388 1167 1459 quam

94 1476 211 1537 silentio
224 1483 379 1539 auctorum
390 1478 484 1540 fretus
495 1479 558 1558 ipse
568 1476 605 1537 de
613 1475 833 1556 codicealiquid
844 1478 992 1558 augurari.
1007 1477 1042 1538 ln
1054 1478 1165 1541 utendo

94 1573 152 1633 hoc
166 1573 242 1634 libro
259 1591 437 1654 quamquam
457 1584 561 1637 omnes
581 1574 774 1636 consentiunt¹
788 1575 926 1636 cautione
942 1593 1018 1653 opus
1033 1593 1108 1649 esse,
1131 1584 1166 1636 ut

93 1670 147 1748 qui
162 1670 357 1749 neglegenter
369 1672 498 1752 scriptus
513 1681 543 1733 et
555 1671 753 1750 interpolatus
767 1671 814 1744 sit,
829 1679 928 1733 tamen
944 1672 1062 1733 voculas
1077 1686 1165 1750 quas·

92 1766 161 1829 dam
176 1785 192 1828 a
208 1767 346 1830 Scheihio
361 1769 498 1849 expulsas
512 1770 544 1830 iu
564 1768 699 1830 ordinem
714 1769 873 1830 verborum
887 1768 1000 1844 reduxi,
1023 1770 1163 1848 quoniam

94 1882 144 1925 eae
161 1883 256 1939 voees,
273 1884 347 1944 quae
363 1866 394 1928 iu
410 1867 434 1938 Q
451 1865 515 1928 solo
531 1873 660 1928 servatae
674 1874 753 1941 sunt,
769 1867 1004 1946 interpolationis
1019 1868 1165 1947 suspicio·

93 1980 163 2023 nem
177 1971 299 2024 movent
313 1981 469 2042 nusquam,
484 1964 633 2025 interdum
643 1971 775 2025 remotae
789 1963 954 2025 sententiae
969 1963 1122 2026 obiiciunt.

177 2059 360 2139 Reliquos
375 2061 497 2123 libros
514 2079 617 2123 omnes
632 2059 1008 2141 (111111111111111111111111111
1023 2060 1162 2139 11=133

93 2156 276 2219 Marcianum
290 2159 417 2237 append.
430 2160 512 2221 class.
525 2159 555 2232 8,
567 2160 587 2222 6
603 2186 645 2210 ==
659 2158 698 2233 L;
713 2157 918 2220 Burneianum
930 2160 970 2222 96
987 2159 1080 2220 musei
1095 2159 1165 2221 brit.

92 2283 135 2304 ιτ-
150 2253 195 2329 Μ;
221 2254 476 2318 Vratislaviensem
501 2255 645 2336 gymnasii
666 2254 789 2334 Magdal.
809 2280 852 2307 ιε
874 2255 908 2330 Ζ;
934 2255 1164 2339 Ambrosianum

93 2351 116 2411 A
130 2353 170 2414 99
184 2377 228 2403 ε
242 2351 265 2412 P
273 2371 281 2428 ;
298 2352 495 2415 Schoemanui
510 2353 677 2416 Parisinum
692 2379 736 2404 =
749 2352 786 2430 R)
803 2372 819 2414 e
834 2353 935 2415 codice
950 2354 974 2413 A
989 2353 1120 2433 pendere
1135 2363 1164 2416 et

92 2448 141 2510 alii
161 2450 301 2530 suspicati
322 2459 392 2513 sunt
413 2452 525 2531 etipse
546 2451 750 2512 demonstrare
770 2451 870 2512 studui
891 2450 990 2512 Herm.
1011 2452 1068 2513 vol.
1084 2451 1161 2512 XVII

91 2566 121 2627 p.
138 2548 199 2611 385
211 2566 276 2626 sqq.
312 2548 408 2618 Quam
431 2548 469 2609 ob
490 2566 553 2609 rem
574 2547 643 2608 satis
656 2546 752 2608 haheo
774 2565 825 2608 eos
840 2547 871 2609 iu
894 2549 1083 2610 adnotatione
1100 2567 1162 2610 non

91 2662 354 2721 commemorasse;
373 2647 399 2707 si
421 2646 492 2724 quid
506 2645 568 2707 veri
589 2653 640 2705 aut
654 2644 827 2706 coniectura
842 2651 893 2706 aut
909 2661 978 2705 casu
993 2644 1106 2706 librarii
1119 2644 1163 2707 illi
1246 2642 1250 2646 ’

90 2741 247 2816 dederunt,
264 2742 291 2802 ei
304 2743 433 2817 attribui,
450 2744 501 2822 qui
515 2742 629 2822 primus
640 2741 761 2821 recepit.
791 2741 869 2803 Sunt
883 2749 982 2803 autem
996 2741 1057 2804 fere
1073 2743 1161 2805 haee:

92 2837 123 2898 in
139 2837 166 2898 R
181 2838 498 2919 rectelegitur114,5
512 2830 725 2921 ἀπέπεμψεν,
743 2841 792 2914 18,
805 2842 824 2901 7
840 2829 1081 2924 ἆποστερήσει;
1096 2839 1162 2901 inZ

91 2943 174 2996 recte
194 2935 232 2995 lV
247 2937 297 3010 23,
313 2939 333 3001 6
355 2932 491 3020 ἐγένετο,
514 2936 552 2997 v1
576 2940 624 3011 14,
642 2938 681 3000 10
701 2931 760 3000 τὸν
781 2926 892 3017 νόμον,
915 2932 1161 3010 1171111111,

92 3033 179 3107 58,6
201 3028 300 3113 ἐστὶν,
323 3032 375 3093 Vll
391 3038 420 3107 7,
437 3037 455 3099 3
478 3029 569 3118 ἐμὴν,
592 3035 677 3108 27‚1
701 3029 889 3112 πυθιάόος,
912 3033 1054 3108 x118‚8
1075 3024 1158 3098 ὥστ’

60 3165 65 3173 -
92 3125 185 3211 epol,-
205 3130 562 3208 ianortassev1117,7
578 3127 783 3218 ἒγιγνὲσθην.
816 3133 970 3193 Accedunt
985 3150 1061 3211 quae
1071 3131 1163 3196 Aldus

91 3227 167 3288 libro
182 3245 236 3289 suo
253 3227 349 3303 debet,
370 3230 407 3291 de
422 3247 481 3309 qua
495 3248 529 3290 re
544 3230 668 3291 iudicari
683 3248 743 3291 non
759 3236 866 3309 potest,
887 3231 966 3307 quod
982 3230 1047 3290 cod.
1064 3229 1088 3291 L
1104 3230 1162 3293 nisi

91 3324 127 3386 ad
142 3325 268 3404 primam
283 3335 313 3388 et
326 3328 443 3388 tertiam
458 3327 625 3388 orationem
640 3345 656 3387 a
671 3325 806 3387 Bellero
821 3326 944 3388 collatus
959 3346 1021 3388 non
1037 3336 1090 3390 est.
1116 3327 1162 3391 Ex

90 3423 149 3483 hoc
161 3431 259 3484 autem
269 3423 345 3484 libro
357 3424 491 3485 Aldiuam
503 3425 675 3504 impressam
687 3442 760 3497 esse,
776 3423 846 3485 satis
860 3422 1021 3503 probabilis
1033 3431 1160 3487 1111111-

90 3521 212 3595 iectura,
233 3528 300 3599 post
315 3521 475 3601 Kayserum
498 3540 514 3583 1
529 3521 705 3584 lernstedtiu
720 3522 851 3596 firmata3
873 3521 961 3582 hahet
975 3528 1056 3584 certe
1070 3521 1159 3585 editio

90 3617 139 3678 illa
153 3618 290 3679 lacunam
306 3628 440 3696 quaeest
455 3620 486 3680 in
501 3618 584 3680 libris
598 3618 720 3698 Luzte)
735 3617 749 3678 1
764 3617 876 3681 22-11
891 3621 941 3682 47.
978 3617 1002 3680 ll
1018 3619 1120 3682 codice
1135 3619 1160 3683 A

89 3734 154 3776 eam
170 3715 311 3795 pendere,
326 3715 397 3778 satis
410 3724 533 3797 apparet
548 3717 692 3795 elaeonis
708 3733 783 3794 quae
797 3724 868 3778 sunt
882 3715 920 3778 Is.
936 3715 1029 3781 11166
1045 3725 1074 3780 et
1087 3717 1158 3799 Lyc.

90 3811 193 3874 Leocr.
209 3816 227 3889 ξ
244 3813 293 3878 80.
812 3836 816 3842 ’

175 3909 328 3972 Codicis
349 3911 373 3970 A
395 3911 533 3972 variam
560 3911 765 3973 lectionem
786 3910 905 3990 plenam
930 3911 1086 3991 exscripsi,
1107 3911 1161 3975 sed

89 4023 128 4066 ne
151 4007 238 4068 nimis
266 4007 354 4068 taedii
380 4007 548 4088 legentibus
574 4026 739 4081 moverem,
767 4007 875 4068 leviora
902 4008 1045 4088 quaedam
1065 4008 1159 4070 adno-
