2626 4476
143 97 184 157 το
594 100 702 154 ωπον
873 71 876 77 ’
1155 112 1226 159 m.

141 269 218 338 τότε
243 270 304 355 μὲν
325 276 485 359 Λημνίαν
513 270 723 359 σκηψάμενοι
751 268 873 358 ταύτην
903 261 1070 355 ἀναβολήν
1102 265 1221 358 ίποιή·

142 390 262 438 σαντο·
284 369 323 438 τό
347 364 380 436 δ’
398 364 535 459 ὕστερον
556 364 689 460 ήκοντες
710 369 759 448 είς
780 368 840 458 τήν
861 362 1046 455 ἀνόκρισιν,
1066 371 1155 456 πρὶν
1168 376 1223 438 καί

140 498 217 539 τινα
239 472 390 558 ἐρέσθαι,
413 467 516 552 εόθδς
537 472 648 560 ἐ’λεγον
663 466 717 540 ὅτι
731 473 918 560 Καλλίππη
940 465 1058 561 μήτηρ,
1083 464 1169 560 αότη
1188 466 1219 538 δ’

142 573 193 662 ε’ίη
220 573 425 652 Πιστοξένου
453 575 621 665 θυγάτηρ,
650 571 697 654 ὥς
726 573 901 662 έξαρκέσον
928 573 959 640 εί
986 568 1097 658 ὄνομα
1119 573 1220 658 μόνον

142 681 343 762 πορίσαιντο
364 675 423 743 τὸν
444 675 659 756 Πιστόξενον.
704 674 868 763 ἐρομένων
890 667 924 741 δ’
941 670 1035 761 ήμῶν
1051 667 1149 754 ὅστις
1171 674 1219 765 τίη

142 780 199 843 καί
220 776 251 844 εἰ
274 776 310 866 ζῇ
331 768 353 866 ή
374 778 429 867 μή,
454 775 488 845 ἒν
510 779 646 866 Σικελίᾳ
668 776 798 867 ἔφασαν
821 770 1012 843 ἀποθανεῖν
1039 776 1219 862 στρατευό-

142 903 251 964 μενον,
274 879 504 946 καταλιπόντα
516 877 639 967 ταότην
660 883 831 966 θυγατέρα
846 876 941 966 παρὰ
956 880 1004 964 τῷ
1024 871 1220 966 Εὐκτήμονι

144 981 180 1059 ἐξ
201 979 505 1069 έπιτροπευομένης
527 981 563 1047 δέ
577 980 685 1048 τούτω
707 984 877 1066 γενέσθαι,
899 982 1039 1067 πρᾶγμα
1053 979 1221 1047 πλάττον·

142 1107 197 1160 τες
220 1077 374 1170 ἀναιδείᾳ
395 1078 605 1167 ὑπερβάλλον
620 1084 674 1148 καί
691 1077 767 1149 οὐδὲ
788 1079 973 1169 γενόμενον,
995 1076 1042 1159 ὠς
1064 1079 1131 1167 ίγο)
1144 1076 1220 1165 ὑμίν

92 1195 128 1252 14
146 1178 316 1273 ἀποφανῶ
344 1183 379 1251 ἐκ
407 1183 534 1251 τούτων
555 1187 690 1271 πρῶτον
713 1177 759 1249 τόν
783 1176 876 1249 αὐτοὶ
901 1176 1134 1270 ἀπεκρίναντο.
1183 1185 1220 1269 τῇ

143 1285 203 1370 μὲν
232 1283 295 1373 γὰρ
324 1289 480 1374 στρατιᾷ,
511 1279 574 1375 ἀφ’
601 1279 640 1352 οὗ
668 1266 864 1364 έξέπλευσόν
891 1284 940 1363 είς
964 1287 1131 1366 Σικελίαν,
1159 1279 1219 1373 ήδη

144 1386 215 1454 ἐστὶ
239 1387 297 1454 δόο
313 1391 368 1454 καὶ
391 1386 597 1475 πεντήκοντα
619 1386 691 1476 ἐ’τη,
717 1380 786 1454 ἀπὸ
809 1380 1028 1475 Ἀριμνήστου
1053 1380 1219 1475 ἄρχοντος,

143 1493 192 1574 τῴ
214 1490 250 1556 δὲ
272 1496 485 1577 πρεσβυτέρῳ
507 1488 642 1566 τούτων,
670 1482 717 1554 ὦν
746 1510 851 1577 φασιν
873 1487 907 1554 ἐκ
933 1491 992 1575 τῆς
1014 1490 1219 1576 Καλλίππης

143 1594 281 1658 καὶτοῦ
303 1585 512 1678 Εὐκτήμονος
534 1587 630 1670 εἶναι,
654 1585 750 1655 οόπω
772 1586 857 1675 ὑπὲρ
880 1588 1005 1656 ε’ίκοσιν
1028 1587 1095 1677 ἐ’τη.
1139 1583 1218 1678 ἀφι»

145 1691 237 1758 λόντι
260 1679 317 1758 οόν
337 1696 442 1758 ταῦτα
466 1685 534 1758 ἀπὸ
558 1695 625 1758 τῶν
648 1689 682 1758 ἒν
704 1691 839 1778 Σικελίᾳ
866 1687 1092 1758 ὑπολείπεται
1114 1692 1217 1757 πλείω

142 1783 164 1876 ἢ
186 1793 364 1882 τριάκοντα
387 1792 458 1882 ότη·
482 1785 563 1858 ὥστ’
582 1785 654 1858 οὔτ’
681 1791 969 1878 ἐπιτροπεύεσθαι
991 1796 1143 1881 προσῆκε
1163 1790 1219 1881 τήν

144 1896 350 1985 Καλλίππην
378 1894 443 1976 ἔτι,
471 1897 720 1982 τριακοντοῦτίν
741 1918 777 1980 γε
803 1881 915 1976 οὖσαν,
946 1888 1022 1961 οὔτε
1044 1887 1218 1961 ἀνέκδοτον

143 2000 200 2063 καὶ
223 1992 354 2063 δίπαιδα
378 1993 477 2077 εἶναι,
507 1988 592 2062 ἀλλὰ
621 1994 711 2063 πάνυ
733 1994 842 2062 πάλαι
864 2009 1037 2077 συνοικεῖν,
1062 1985 1085 2084 ή
1108 1994 1217 2085 ἐγγυη-

90 2108 126 2164 15
144 2103 267 2165 θεῖσαν
294 2096 378 2163 κατὰ
400 2096 487 2182 (τὸν)
516 2096 617 2180 νόμον
643 2087 665 2184 ή
688 2096 978 2164 έπιδικασθεῖσαν.
1029 2096 1081 2164 ’ἑτι
1107 2098 1145 2166 δέ
1165 2099 1217 2164 καί

141 2198 387 2285 γιγνώσκεσθαι
415 2192 517 2286 αότήν
544 2195 611 2266 ὑπὸ
641 2203 708 2266 τών
729 2193 938 2287 Εὐκτήμονος
964 2197 1097 2267 οίκείων
1120 2193 1217 2286 ἀναγ-

141 2313 236 2366 καῖον
257 2286 298 2387 ήν
311 2303 367 2367 καὶ
381 2296 449 2367 δπδ
465 2303 532 2366 τῶν
548 2299 693 2382 οἰκετων,
717 2300 750 2366 εί
763 2305 827 2387 πέρ
842 2325 879 2385 γε
898 2298 1085 2389 συνῴκησεν
1106 2298 1217 2385 ἐκείνην

141 2391 163 2486 ή
186 2401 329 2491 διῃτήθη
352 2407 512 2471 τοσοῦτον
531 2401 650 2490 χρόνον
673 2400 707 2469 ἓν
724 2405 766 2488 τῇ
788 2402 886 2491 οἰκίη.
931 2400 973 2467 τὰ
995 2400 1057 2488 γὰρ
1081 2405 1218 2470 τοιαῦτα

143 2497 201 2570 οὐκ
230 2504 278 2583 είς
306 2504 365 2594 τήν
395 2500 569 2592 ἀνάκρισιν
594 2503 697 2587 μόνον
726 2503 779 2569 δεῖ
804 2503 1009 2590 πορίζεσθαι
1036 2497 1217 2590 [όνόματαή

144 2601 230 2673 ἀλλὰ
251 2611 293 2694 τῇ
316 2601 463 2695 ἀληθείη
484 2605 642 2695 γεγονότα
665 2609 853 2692 φαίνεσθαι
866 2609 923 2672 καὶ
944 2602 1011 2672 ἀπὸ
1030 2608 1098 2671 τῶν
1114 2624 1217 2690 προσ-

91 2719 128 2775 16
145 2707 291 2795 ηκόντων
304 2714 646 2796 καταμαρτυρεῖσθαι.
681 2703 860 2786 ἀποδεῖξαι
874 2711 986 2774 τοίνυν
1002 2702 1097 2793 ήμῶν
1111 2708 1217 2773 κελευ·

144 2809 250 2875 όντων
273 2802 367 2886 ὅστις
389 2807 459 2876 οἶδε
480 2815 547 2877 τῶν
563 2805 773 2900 Εὗκτήμονος
788 2810 919 2878 οίκείων
940 2799 1217 2896 ήσυνοικήσασαν

144 2909 258 2997 ἐκείνῳ
280 2909 356 2978 τινὰ
378 2901 399 3000 ή
421 2911 481 3001 τήν
494 2914 701 3002 Καλλίππην
716 2912 1032 2999 έπιτροπευομένην,
1054 2911 1112 2976 καί
1127 2905 1217 2996 παρὰ

143 3015 211 3078 τῶν
241 3007 347 3079 όντων
363 3065 370 3078 .
384 3065 392 3078 .
406 3066 413 3080 .
429 3015 651 3098 θεραπόντων
679 3014 739 3082 τὸν
767 3014 897 3100 ἔλεγχον
918 3015 1118 3092 ποιεῖσθαι,
1147 3001 1169 3098 ή
1190 3007 1219 3077 εί

230 3165 274 3221 13.
292 3169 308 3219 2
326 3163 491 3236 σκεψάμενοι
508 3185 555 3235 pr„
573 3185 636 3222 corr.
654 3173 670 3222 2
689 3197 721 3206 -
745 3167 849 3235 ταύτην
867 3171 917 3238 τὴν
934 3169 991 3221 And.
1010 3197 1044 3205 -
1062 3171 1078 3218 4
1096 3164 1217 3230 καλλίστη,

145 3253 206 3304 item
225 3270 247 3305 π
264 3267 311 3319 pro
329 3270 373 3306 ππ
392 3256 463 3307 14.4
482 3256 508 3305 et
525 3257 540 3306 8
560 3283 591 3291 -
610 3258 625 3306 5
643 3253 797 3325 ἐξαρκέσειν
809 3269 846 3319 pr.
866 3284 898 3292 -
917 3257 932 3306 9
951 3252 1219 3321 ίξιπιτριπευομέκηε

145 3354 192 3405 pr.‚
205 3340 292 3391 corr.2
304 3367 338 3376 —
350 3333 529 3408 πρόττοντεοι
548 3353 595 3393 em.
606 3337 654 3391 Bk.
672 3367 706 3376 -
727 3342 757 3390 10
769 3331 830 3390 οὐδ’
843 3333 1021 3410 ἐγγενόμενον
1034 3336 1148 3405 Sauppe,
1159 3327 1216 3389 οὔδ’

148 3415 259 3520 ἂνῗγεν.
278 3422 356 3486 Htw„
377 3421 405 3473 ft.
427 3417 604 3475 οὐδεπώποτε
620 3441 676 3492 γον.
744 3423 788 3476 14.
806 3426 822 3476 3
840 3417 988 3493 ἀριμνήτου
1005 3437 1052 3488 με,
1071 3436 1136 3477 corr.
1158 3425 1168 3476 1
1188 3449 1218 3459 —

146 3511 162 3558 4
181 3526 223 3559 ων
240 3506 315 3559 ask:
337 3499 370 3559 δν
388 3535 419 3544 -
440 3510 453 3558 7
472 3501 532 3559 οὐδ’
551 3535 585 3546 -
603 3506 744 3575 προοήκειε
763 3522 811 3559 em.
828 3507 931 3574 Sauppe
949 3535 981 3544 -
1001 3510 1016 3560 8
1034 3503 1098 3558 οὔτι
1115 3523 1179 3561 corr.
1198 3509 1218 3567 1,

145 3587 220 3646 ὥστε
234 3610 271 3661 pr.
283 3622 317 3630 -
332 3596 362 3645 10
374 3588 424 3643 τὸν
436 3591 493 3644 add.
506 3590 623 3643 Schoem.
673 3591 716 3646 15.
735 3595 749 3643 5
768 3587 891 3653 ὀνόματα
908 3590 958 3643 del.
977 3591 1008 3642 de
1026 3606 1092 3645 meo.
1145 3591 1216 3647 16.1

145 3674 226 3747 ὑμῶν
242 3694 289 3744 pn,
313 3681 411 3730 com
435 3707 470 3716 -
493 3675 577 3743 θτήν
595 3672 764 3743 καλλί.πην;
783 3676 832 3728 del.
850 3675 919 3739 obn,
935 3671 998 3728 τινὰ
1016 3669 1042 3741 [ἢ
1058 3674 1119 3740 τὴν]
1138 3669 1219 3727 Κολλ

145 3756 211 3827 ἢεί.
229 3760 307 3827 Rsk.,
332 3761 360 3814 ίί.
379 3761 428 3815 del.
446 3755 463 3828 ἢ
480 3778 505 3816 v.
524 3764 539 3814 2
557 3755 617 3828 οίῆ
639 3758 692 3827 τὴν
709 3778 733 3812 v.
752 3765 767 3814 3
787 3761 929 3814 -410322
951 3755 1021 3828 παρ’
1040 3752 1107 3824 ήιιῖν
1131 3755 1220 3813 ὄντων

146 3847 213 3915 sppl.
232 3845 338 3916 Kayser,
361 3847 447 3899 malim
466 3847 525 3900 τῶν
542 3843 635 3900 ὄντων
653 3845 694 3898 δτι
712 3847 743 3896 ίν
760 3845 794 3916 τῇ
811 3844 891 3910 οἰκίᾳ.
