2626 4476
141 248 183 308 86
645 246 753 298 ιειιοι
1152 260 1223 304 σει.

139 422 199 484 τοῦ
205 437 212 451 ·
236 414 353 502 ἐπειδὴ
377 415 413 482 δὲ
436 413 625 504 ἐτελεύτησε
647 415 792 502 νοσήσας
805 417 866 479 τοῦ
887 411 1084 491 ἐξελθόντος
1107 410 1219 478 ἐνιαυ-

140 524 200 586 τοῦ
221 516 324 640 μηνὸς
340 516 695 606 Μαιμακτηριῶνος,
680 521 738 584 επὶ
761 531 833 595 τοῖς
855 518 1022 603 παροῦσιν
1037 507 1218 602 άδυμησας

141 624 198 688 καὶ
219 620 279 708 τὴν
299 617 431 709 ἡλικίαν
458 619 518 707 τὴν
546 619 665 686 ἑαυτοῦ
685 617 991 704 καταμεμψάμενος
1018 610 1076 684 οὐκ
1098 615 1219 683 ἓντελά·

140 719 264 790 θετο“
246 748 294 811 vcp
334 716 381 790 ὦν
402 725 456 789 καὶ
481 721 556 801 λζ’
537 726 637 811 αρχῆς
659 724 694 788 εὖ
716 719 904 799 πεπονθώς
924 707 974 807 ἦν,
1004 713 1079 786 ἀλλ’
1106 718 1218 786 ἐλθών

142 821 188 903 ιός
209 822 273 910 τὴν
285 821 365 912 ἕμην
385 823 550 913 μητέρα“
535 849 652 890 εαυτοο
639 824 704 889 δὲ
720 817 920 912 ἀδελφήν,
900 848 940 910 ην
962 824 1043 907 περὶ
1057 823 1217 888 πλείστου

141 926 278 993 πάντιον
301 925 461 1010 ἐποιεῖτο,
490 928 603 1011 λαβεῖν
630 920 753 1014 ἠξίωσέ
781 951 823 1009 με
852 924 926 991 ολδν
952 919 1057 991 now
1035 946 1139 1013 ῃτησε
1163 927 1218 991 καὶ

89 1047 125 1101 15
144 1030 263 1112 ἔτυχεν.
297 1023 384 1096 σάτω
400 1023 432 1096 δ>
451 1026 597 1118 ἐπείσθη
619 1032 725 1095 ταῦτα
740 1031 884 1115 ποιῆσαι
899 1026 955 1093 διά
973 1031 1110 1108 ταχέων,
1134 1019 1215 1093 ὥστ’

143 1125 271 1208 εὐθέως
293 1155 334 1214 με
364 1130 475 1214 λαβὼν
497 1126 598 1216 ᾤχετο
622 1129 704 1213 ἔχων
726 1130 813 1216 πρὸς
835 1126 936 1196 αὑτὸν
956 1131 1013 1194 καὶ
1041 1129 1157 1195 στάντα
1177 1127 1218 1194 τά

143 1229 246 1298 αυτοῦ
273 1233 411 1299 διοικεῖν
441 1232 642 1318 παρέδωκεν,
672 1229 719 1309 ιός
749 1226 848 1310 αὐτὸς
875 1231 936 1314 μὲν
955 1229 959 1315 Ι
980 1222 1125 1297 οδδὲν’
1103 1258 1145 1297 αν
1171 1231 1217 1298 ότι

102 1334 269 1421 πρᾶξαι
297 1333 424 1400 τούτων
453 1334 625 1423 δυνηθείς,
648 1333 729 1418 ἐμοῦ
758 1334 794 1399 δὲ
821 1335 927 1398 ταῦτα
953 1330 1065 1398 πάντα
1088 1333 1163 1400 οἵου
1184 1358 1219 1400 τε

143 1433 302 1519 ἐσομένου
323 1449 446 1503 ποιεῖν.
489 1439 546 1502 καὶ
567 1434 684 1524 ἐπειδὴ
710 1435 882 1523 Θαργήλια
903 1420 952 1520 ἦν,
974 1429 1077 1522 ἤγαγέ
1097 1459 1141 1519 με
1163 1433 1217 1502 ἐπὶ

89 1553 125 1607 16
142 1535 221 1615 τοὺς
241 1535 376 1622 βωμοὺς
397 1537 446 1616 εἷς
466 1536 545 1616 τοὺς
565 1537 722 1625 γεννήτας
744 1563 780 1603 τε
801 1539 856 1603 καὶ
880 1535 1058 1625 φράτερας.
1089 1535 1163 1604 ἔστι
1184 1530 1216 1602 δ’

144 1631 256 1717 αὐτοῖς
280 1639 381 1723 νόμος
402 1635 420 1706 δ
438 1633 546 1720 αυτός,
570 1638 628 1706 ἐάν
649 1644 686 1705 τί
707 1665 783 1705 τινα
799 1637 900 1728 φύσει
921 1637 1080 1760 γεγονότα
1103 1638 1217 1759 εἷσάγη

141 1764 194 1816 τις
216 1738 273 1805 ἐάν
294 1765 331 1806 τε
352 1742 504 1831 ποιητόν,
528 1741 723 1809 ἐπιτιθέναι
745 1746 862 1807 πίστιν
883 1739 967 1806 κατὰ
989 1743 1056 1805 τῶν
1079 1726 1217 1827 ῖεριόνῖ
1198 1766 1217 1805 ν

141 1838 207 1926 μὴν
230 1834 306 1920 ἐξ
288 1847 391 1931 αστης
414 1839 570 1934 εἰσάγειν
572 1845 629 1909 καί
650 1842 807 1930 γεγονότα
823 1835 937 1929 όρθως
959 1843 1014 1907 καλ
1036 1841 1096 1909 τόν
1110 1838 1217 1929 ὑπάρ-

99 1988 102 1995 1
139 1967 241 2024 χοντα
263 1943 364 2032 φύσει
379 1947 435 2010 καὶ
456 1943 515 2011 τόν
530 1943 689 2034 ποιητόν·
712 1943 918 2031 ποιήσαντος
940 1943 977 2009 δὲ
993 1946 1054 2010 τοῦ
1069 1943 1217 2031 εἰσάγον-

142 2068 199 2122 τος
219 2048 325 2111 ταῦτα
347 2045 449 2134 μηδὲν
470 2040 569 2132 ἦττον
598 2043 872 2134 διαψηφίζεσθαι
899 2047 954 2111 καὶ
983 2042 1060 2122 τοὺς
1089 2040 1216 2127 ἄλλους,

142 2136 202 2212 κάν
235 2145 332 2233 δόξῃ,
372 2140 444 2213 τότ’
476 2147 524 2225 εἰς
556 2146 594 2214 τό
628 2146 740 2215 κοινόν
772 2160 997 2233 γραμματεῖον
1033 2145 1216 2237 ἐγγράφειν,

143 2247 307 2333 πρότερον
335 2247 371 2313 δὲ
395 2247 460 2336 μή
489 2249 649 2328 τοιαύτας
674 2242 844 2376 ἀκριβείας
873 2248 941 2330 ἔχει
962 2247 1005 2314 τά
1035 2249 1151 2316 δίκαια
1178 2248 1218 2315 τά

89 2367 123 2422 17
143 2372 215 2434 παρ
255 2341 379 2428 αότοῖς
411 2377 470 2419 τοο
493 2350 596 2477 νόμοη
618 2344 713 2438 δη
682 2346 787 2429 οότως
802 2350 941 2434 ἔχοντες,
964 2353 1110 2417 καὶτῶν
1134 2376 1217 2440 φρα-

142 2453 247 2537 τέρων
268 2475 305 2516 τε
325 2454 382 2518 καὶ
403 2457 565 2553 γεννητῶν
582 2452 648 2520 ἐκεί
648 2480 694 2541 νφ
710 2447 768 2520 οόκ
791 2445 1023 2519 άπιστοάντων
1039 2451 1098 2536 ἒμί
1111 2478 1150 2519 τε
1164 2445 1217 2520 οόκ

144 2544 359 2637 άγνοοόντων,
382 2546 435 2621 ότι
456 2553 497 2644 ἠν
513 2555 549 2634 ἐξ
562 2549 710 2643 όιδελφῆς
733 2547 823 2640 αότιῦ
844 2553 993 2641 γεγονιός,
1018 2552 1217 2644 ἐγγράφουσί

142 2678 184 2737 με
205 2654 309 2732 εἰς
274 2681 312 2721 το
334 2655 446 2722 κοινὸν
469 2669 695 2744 γραμματεῖον
715 2655 951 2744 ψηφισάμενοι
973 2655 1114 2737 πάντες,
1146 2655 1217 2723 ίπι·

142 2761 263 2832 θέντος
285 2755 409 2823 ἐκείνου
424 2755 483 2844 τὴν
506 2763 623 2824 πίστιν
638 2751 720 2823 καθ
741 2759 847 2843 ἱερῶν.
888 2750 999 2823 καὶζ
967 2752 1055 2824 ου’τω
1076 2754 1170 2841 μὲνί
1153 2755 1214 2824 υπὸ

143 2856 264 2936 ζῶντος
287 2856 465 2946 ἒποιήδην,
496 2862 552 2925 καὶ
576 2859 624 2937 εἷς
645 2857 683 2925 τό
706 2857 818 2926 κοινὸν
839 2870 1065 2945 γραμματεῖον
1088 2857 1215 2946 ἐνεγρά-

143 2983 210 3047 φην
243 2958 438 3046 Θράσυλλος
464 2953 738 3048 Ἀπολλοδώρου,
765 2965 1066 3050 ποιησαμένου-με
1095 2959 1215 3026 ἐκείνου

142 3063 260 3126 τοῦτον
282 3059 340 3127 τδν
363 3060 500 3148 τρόπον,
528 3065 594 3128 τῶν
615 3062 727 3146 νόμων
750 3054 839 3149 αὕτη]
862 3063 1065 3128 δεδωκότων.
1108 3057 1162 3139 Ὡς
1183 3053 1212 3126 δ’

144 3155 257 3250 άληδῆ
280 3163 373 3248 λέγω,
397 3164 478 3247 λαβέ
499 3187 556 3246 μοι
576 3162 637 3241 τάς
657 3170 852 3251 μαρτυρίας.

568 3284 797 3337 ΜΔΡΊὝΡΙΑΙ,
822 3313 826 3320 ·

89 3399 126 3456 18
235 3380 340 3467 Οἶμαι
361 3388 482 3464 τοίνυν,
505 3369 531 3447 ιδ
555 3379 681 3471 ἄνδρες,
704 3384 831 3468 μᾶλλον
845 3372 885 3449 άν
907 3378 993 3466 όμᾶς
1007 3395 1080 3460 τοῖς
1093 3406 1215 3467 μεμαρ-

154 3704 172 3728 .,
229 3659 246 3709 6
261 3675 296 3723 μ.
303 3655 492 3725 μακτηριῶνοε
503 3671 549 3724 μα,
568 3658 660 3709 com
679 3684 712 3693 -
730 3656 777 3705 ἐπὶ
795 3669 859 3708 εστι.
875 3658 897 3717 l,
915 3674 940 3706 ,ι
952 3669 989 3720 pr.
1008 3682 1042 3693 -
1060 3657 1075 3706 9
1096 3648 1215 3705 0508219:

143 3740 181 3792 εἰς
239 3736 283 3794 15.
301 3741 316 3792 2
335 3757 382 3806 με.
399 3755 437 3806 pr.
455 3769 488 3780 -
507 3741 579 3804 ἔχων
596 3738 646 3791 del.
664 3738 732 3790 Fuhr
749 3767 783 3776 -
801 3743 816 3791 5
834 3735 1004 3809 δαλγὴλααι
1023 3753 1072 3790 em.
1089 3736 1147 3789 Ald.

143 3823 185 3879 16.
205 3827 220 3877 2
239 3821 342 3895 εἴσάγ..
360 3840 407 3891 με,
419 3840 484 3878 corr.
496 3828 508 3877 1
528 3853 562 3864 -
580 3826 595 3877 3
615 3820 721 3888 ,σιητὸν
732 3839 778 3890 με,
791 3825 878 3875 cmm
898 3850 933 3860 -
950 3826 1056 3876 πίστ.ν
1067 3837 1114 3889 με,
1126 3820 1212 3872 comi

144 3905 259 3967 -,κατὰ
269 3909 296 3961 in
308 3912 387 3964 ποεῖ
404 3910 455 3963 litt.
468 3924 532 3962 corr.
547 3913 559 3961 1
579 3938 611 3948 -
631 3910 647 3961 6
666 3903 870 3978 διαφηφῐζισθ.
882 3921 929 3972 με,
947 3921 1012 3960 corr.
1026 3909 1049 3958 1.
1094 3905 1135 3959 17.
1153 3907 1166 3957 1
1185 3896 1216 3965 δὴ

144 3991 207 4047 Bk.:
225 3988 270 4049 διὸ
287 4022 321 4034 -
338 3999 354 4048 ῖ
373 3994 478 4046 ἐκεῖνον
495 4009 541 4060 με,
560 4008 624 4046 corr.
646 3995 670 4046 1.
