2626 4476
146 251 186 312 24
507 274 516 282 —
628 248 736 302 1260?
1154 264 1192 308 or.
1206 266 1225 307 κ.

146 409 230 497 ούσα
252 422 385 486 τουτουί
410 417 609 500 Φιλωνίδου,
632 420 688 485 καί
710 421 758 504 τηῖ
781 416 850 541 έμηί
879 417 1009 539 παιδίῳ
1030 415 1159 506 ἐθέμην
1182 416 1220 484 τό

145 518 251 606 όνομα
272 519 310 588 τδ
335 519 401 588 έκεί
388 527 469 602 ί,νοο
491 520 548 587 ίνα
569 517 613 608 μὴ
630 513 834 603 όινιόνυμοςο
823 512 997 597 ζὀἶκος
960 543 1060 585 αυτσυ
1047 522 1221 607 γένηται,

144 626 198 691 καὶ
221 620 462 710 τελευτήσαντα
490 620 611 706 έθαψα
641 615 742 700 ἆξίως
771 619 895 688 ἐκείνου
923 645 959 687 τε
986 623 1043 687 καί
1065 617 1221 704 ἐμαυτοῦ,

143 728 198 792 καὶ
228 723 385 812 ἐπίθημα
411 721 513 789 καλὸν
542 721 711 843 ἐπέθηκα,
742 725 796 788 καί
826 748 869 788 τα
901 721 1002 789 ε’νατα
1029 724 1084 787 καὶ
1111 707 1221 787 ταλλο

144 825 256 893 πάντα
278 822 482 914 ἐποίησα
444 851 486 890 τα
509 822 647 912 περὶ
610 849 670 911 την
690 821 803 911 ταφὴν
824 819 870 902 ύς
892 823 964 890 οἷόν
989 848 1026 890 τε
1046 821 1220 904 κάλλιστα,

92 939 127 996 67
145 919 232 994 ὥστε
253 926 330 1006 τούς
354 926 500 1016 δημότας
522 917 716 992 έπαινεῖν’
695 944 863 1003 απαντας·
888 919 984 1003 οὗτος
1006 919 1081 990 66‘
1064 949 1082 990 ο
1105 945 1221 1010 συγγε-

119 1029 209 1116 νής,
233 1025 250 1096 δ
276 1027 441 1112 ἐπιτιμῶν
465 1019 555 1113 αύτηύ
577 1018 630 1093 ότι
651 1023 725 1092 υλδν
749 1024 943 1113 ἐποιήσατο,
968 1025 1089 1108 ζῶντος
1102 1026 1165 1111 μὲν
1180 1025 1218 1094 τό

140 1134 263 1216 χωρίον
284 1127 322 1195 τό
346 1128 570 1217 περιλειφθὲν
592 1121 682 1214 αύτῷ
704 1130 901 1215 περιείλετο,
923 1127 1167 1217 τελευτήσαντα
1183 1122 1217 1196 δ’

144 1223 244 1298 αύτδν
267 1225 399 1297 ύπαιδα
420 1232 474 1297 καί
499 1223 669 1314 ἀνώνυμον
682 1228 841 1314 βούλεται
854 1233 1069 1317 καταστῆσαι.
1106 1233 1220 1298 τοιού·

143 1331 200 1410 τός
224 1329 313 1398 ἔστιν
345 1325 450 1408 οὗτος.
494 1332 563 1397 Καὶ
591 1325 637 1408 ὠς
665 1329 785 1417 ἔθαψά
813 1355 850 1398 τε
878 1329 940 1417 ίγα)
971 1324 1071 1398 αύτδν
1098 1329 1220 1398 καὶτὰ

143 1439 239 1521 τρίτα
260 1435 314 1500 καὶ
337 1430 379 1498 τὰ
402 1431 502 1499 ένατα
525 1431 671 1520 ἐποίησα
692 1434 749 1499 καί
769 1419 875 1498 τᾶλλα
904 1431 946 1498 τὰ
975 1435 1053 1518 περὶ
1076 1429 1137 1519 τὴν
1158 1458 1220 1499 τα·

27 1575 30 1580 ·
143 1533 219 1622 ιμήν,
242 1532 303 1610 τὰς
324 1539 508 1622 μαρτυρίας
529 1529 607 1618 ύμῖν
628 1535 696 1601 τιῦν
718 1533 857 1601 εἰδότων
880 1527 1117 1620 ἀναγνώσεται.

561 1637 791 1691 ΜΔΡΊὝΡΙΑΙ.

91 1736 128 1794 38
220 1712 296 1786 Ὅτι
317 1725 428 1786 τοίνυν
450 1715 468 1786 ό
493 1722 681 1805 Μενεκλῆς,
705 1705 730 1784 ὦ
754 1715 885 1807 ἄνδρες,
910 1717 1093 1807 ἐποιήσατό
1115 1744 1159 1803 με
1181 1713 1220 1788 ού

143 1823 322 1908 παρανοῶν
352 1813 429 1887 σύδὲ
455 1823 585 1906 γυναικὶ
616 1820 838 1906 πειθόμενος,
866 1821 1032 1906 βούλομαι
1062 1816 1141 1904 ὑμῖν
1163 1825 1219 1890 καλ

143 1914 263 2000 αύτούς
283 1918 421 1999 τούτους
442 1920 613 2009 μάρτυρας
635 1927 884 2005 παρασχέσθαι,
915 1925 970 1989 καί
994 1920 1069 2007 ἐμοί
1090 1948 1219 2011 μαρτυ-

142 2026 281 2110 ροῦντας
304 2021 387 2112 ’έργιμ
410 2025 466 2090 καί
489 2015 527 2089 ού
543 2022 641 2109 λόγῳ,
664 2022 701 2101 ἐξ
721 2017 768 2090 ιόν
783 2022 933 2111 έπραξαν
955 2017 1061 2106 αὐτοί,
1084 2016 1139 2092 ότι
1155 2023 1217 2112 έγιύ

141 2117 275 2214 τάληθῆ
306 2124 398 2210 λέγω.
449 2123 509 2201 τὰς
536 2121 599 2211 γὰρ
628 2123 796 2202 διαλύσεις
829 2131 1009 2212 φαίνονται
1041 2123 1128 2214 πρός
1162 2124 1219 2211 ἐμὲ

141 2223 367 2314 ποιησάμενοι
389 2218 576 2344 ἀμφότεροι
599 2218 701 2307 ούτοι,
725 2227 781 2292 καί
804 2219 841 2292 σύ
857 2225 945 2314 πρὸς
958 2225 1018 2294 τόν
1034 2229 1218 2310 Μενεκλέα,

89 2344 128 2401 39
142 2329 198 2394 καὶ
221 2319 405 2410 ὀμόσαντες
426 2319 544 2414 όρκους
572 2325 675 2413 (ἐμοὶ)
703 2330 759 2395 καί
785 2325 848 2414 έγιὺ
869 2327 1011 2406 τούτοις.
1054 2334 1166 2397 καίτοι
1189 2329 1222 2397 εί

140 2452 177 2514 γε
198 2424 243 2516 μὴ
265 2425 351 2493 κατὰ
373 2427 450 2507 τούς
472 2429 594 2514 νόμους
615 2426 825 2518 ἐγεγένητο(
806 2456 826 2517 η
857 2436 1011 2517 ποίησις,
1034 2431 1118 2549 μηδὲ
1140 2433 1218 2521 κλη-

142 2528 283 2618 ρονόμος
304 2553 344 2616 ην
367 2528 429 2617 έγω
459 2533 526 2599 τῶν
548 2526 802 2607 Μενεκλέους’
785 2524 846 2598 υπ’
878 2525 986 2598 αύτιῦν
1015 2529 1142 2597 τούτιον
1165 2528 1218 2596 δε·

141 2630 462 2717 δοκιμασμένος,τί
449 2631 551 2701 ίέδει
575 2625 695 2710 αύτούς
716 2625 856 2716 ὀμνύναι
885 2622 1003 2718 έμοί”
981 2658 1001 2755 η
1024 2656 1096 2718 παρ
1100 2624 1219 2717 ’έμού

141 2725 363 2818 λαμβάνειν”
344 2756 480 2820 ορκους,·
502 2726 578 2800 ουδ
579 2760 597 2801 ν
620 2732 739 2823 δήπου.
784 2727 900 2802 ούκοῦν
921 2729 1027 2802 ὁπότε
1054 2731 1219 2821 ἐποίησαν

139 2837 256 2916 ταῦτα,
280 2840 460 2922 φαίνονται
483 2827 578 2902 αύτολ
602 2828 695 2905 οὗτοι
716 2833 791 2921 έμοὶ
808 2839 1051 2924 μαρτυροῦντες
1065 2827 1119 2903 ότι
1133 2830 1217 2902 κατὰ

139 2931 218 3012 τούς
240 2933 362 3020 νόμους
383 2934 551 3025 ἐποιήθην
575 2933 606 3026 [ἦ
630 2936 780 3027 ποίησις]
808 2940 864 3005 καί
878 2937 1026 3029 Ιδικαίως
1049 2935 1117 3020 εἰμὶ
1140 2939 1217 3026 κλη-

87 3059 126 3116 40
141 3035 282 3124 ρονόμος
303 3039 371 3105 τῶν
393 3039 609 3118 Μενεκλέους.
655 3037 717 3127 ἐγώ
741 3031 774 3106 δ’
805 3035 901 3123 οἶμαι
927 3037 1118 3126 καταφανὲς
1139 3031 1217 3122 ύμῖν

180 3258 183 3262 ’
226 3261 241 3311 3
259 3254 372 3312 παιδίαν
389 3260 412 3311 Α
429 3275 476 3326 ρο,
495 3275 559 3314 corr.
581 3264 602 3326 1,
621 3256 701 3315 παιδὶ
719 3261 740 3322 6
760 3264 817 3314 test.
835 3260 887 3313 Mai
905 3291 938 3301 -
956 3257 1018 3315 426
1035 3264 1096 3313 ante
1114 3260 1217 3314 ἐκείνου

139 3342 222 3404 om.0
241 3371 274 3380 -
292 3337 503 3397 αύτσύιέκείνον
521 3343 541 3405 0
558 3373 594 3385 —
611 3348 627 3398 6
645 3348 691 3398 καί
708 3342 743 3397 τὰ
759 3347 840 3414 τρίτα
858 3351 918 3413 post
936 3344 1062 3410 ἐπέθηκα
1081 3343 1139 3397 add.
1153 3345 1214 3398 Nbr.

139 3506 172 3518 -
189 3480 306 3532 ένναταε
324 3494 374 3532 em.
392 3479 439 3532 Bk.
507 3477 551 3535 67.
569 3483 585 3533 6
603 3477 701 3550 τρίαΑ
719 3493 766 3548 pr„
784 3447 847 3549 τρίό
864 3484 954 3534 eorm
976 3509 1007 3520 -
1026 3481 1165 3533 ίνναταΑ
1181 3509 1215 3519 -

139 3563 232 3616 Ἰτῶν
248 3558 365 3618 εἰδότων
382 3567 526 3634 om.Apr.,
544 3566 571 3617 in
589 3579 640 3631 mg.
660 3562 744 3618 ³661
765 3592 798 3603 -
817 3564 991 3626 86601116.
1043 3563 1089 3621 68.
1109 3568 1121 3619 1
1142 3565 1215 3619 έποι·

139 3641 225 3712 ἢοατό
242 3664 276 3714 με
293 3662 344 3704 om.
363 3649 384 3712 Q
402 3680 435 3690 -
454 3654 469 3704 3
487 3652 533 3702 καὶ
550 3652 610 3701 unte
628 3649 687 3715 ἐμοὶ
705 3646 754 3701 del.
774 3648 844 3716 Gob„
867 3650 896 3702 6
914 3652 960 3701 καὶ
978 3644 1060 3702 ταῦτ’
1082 3678 1116 3689 -
1134 3654 1150 3704 6
1168 3651 1215 3718 Apu*

137 3729 234 3784 θεοισν
251 3750 336 3798 με
304 3737 433 3788 6.ο.
446 3726 1020 3803 Αρτ.,ούσοω..1-·ίίμοίε666ιεωί.
1090 3731 1215 3802 862μῆ

137 3815 287 3884 om.Apr.‚
305 3833 360 3872 εν.
374 3816 431 3872 εδδ
446 3822 511 3870 1
528 3811 659 3870 πεδεσσι.
672 3816 753 3885 Αρῐ,
770 3818 865 3885 ἰοιος.
884 3818 943 3874 εδδ.
958 3823 969 3872 1
989 3818 1212 3891 -ίγιγίνιτοθ

137 3904 195 3955 λιιι.
208 3899 311 3954 Mai-
328 3900 437 3955 6166:
446 3918 495 3953 τον
482 3900 532 3951 Δ
549 3894 744 3954 -6ούδίίνι
762 3917 811 3956 em.
824 3902 1006 3972 Tyrwhitt-
1025 3899 1215 3971 Ηπαιὴθηῆ

137 3990 258 4051 ποίησαι
278 4000 326 4039 em
339 3984 401 4037 606.
