2626 4476
93 261 115 302 p.
129 249 164 292 ιι.
410 231 486 283 σενι
503 231 567 284 τον
584 228 726 283 ωνσνου
744 228 880 282 κυκνον.
1138 213 1178 284 '95
1245 219 1246 223 ‘

95 399 374 484 ἐπικαλούμενον·
399 394 495 478 οὗτος
515 399 578 486 γάρ
602 397 691 465 ἐστιν
711 394 752 483 Ιύ
777 400 895 465 τοῦτον
918 397 1176 485 παρασκευάσας

94 496 278 591 πράγμαθ’
296 497 375 589 ήμῖν
391 505 558 589 παρέχειν,
583 493 779 586 ἀποστερῶν
792 497 834 565 τά
848 493 1001 586 χρήματα
1026 497 1176 586 άίίίρων

95 601 113 672 ὁ
139 603 286 682 πάππος
310 597 537 690 ἀποθνῄσκων
559 601 746 681 κατέλιπεν,
776 596 856 689 ἡμῖν
879 600 915 667 δὲ
938 599 1076 678 τούτους
1098 600 1175 678 τούς

92 705 265 784 κινδύνους
287 703 430 791 ἐπάγων,
453 705 509 771 ἵνα
531 704 633 792 μηδὲν
657 696 812 789 ἀποδιδῷ
834 703 970 785 τούτων,
1001 701 1059 770 έάν
1081 699 1175 787 ύμεῑς

93 807 331 898 ἐξαπατηθῆτε
353 811 553 884 πεισθέντες
574 802 641 872 ύπὸ
664 808 731 871 τῶν
752 804 871 872 τούτου
894 805 1010 891 λόγων.
1056 805 1107 872 δεῖ
1133 805 1170 892 δή
1190 825 1209 881 4

92 909 221 977 τούτων
235 913 375 976 τοιαῦτα
396 912 641 996 μηχανωμένων
657 900 767 972 πάνθ>
785 902 872 991 ύμᾶς
889 906 930 973 τά
953 911 1174 994 πεπραγμένα

88 1052 90 1056 -
93 1010 283 1103 μαθεῖν,ι’
268 1036 323 1077 ινα
351 1001 501 1098 μηδὲν
484 1009 704 1096 ἀγνοήσαντες
737 1011 803 1075 τῶν
832 1015 1054 1096 γεγενημένων
1088 1002 1173 1074 ἀλλὰ

94 1117 213 1201 σαφῶς
243 1111 370 1232 εἰδότες
399 1113 478 1198 περὶ
501 1104 620 1232 αυτῶν,
650 1104 755 1188 ούτως
784 1110 931 1198 ἐνέγκητε
960 1109 1019 1198 τήν
1048 1114 1173 1200 φήφον.

81 1208 128 1280 ἐί
155 1240 222 1281 τινι
251 1212 309 1281 σύν
337 1215 393 1279 καὶ
424 1208 504 1299 άλλη
529 1211 670 1279 πώποτε
701 1214 772 1300 δίκη
803 1217 1005 1300 προσέσχετε
1029 1205 1173 1330 ἀκριβῶς

92 1314 151 1382 τὸν
167 1340 253 1396 νουν,
277 1308 428 1397 δέομαι(
411 1317 503 1397 υμῶν
518 1339 572 1380 και
589 1313 691 1401 ταύτη
708 1309 923 1403 προσέχειν
906 1320 1040 1398 ομοίως,
1058 1307 1172 1398 ὥσπερ

93 1416 209 1484 καὶτὸ
235 1416 364 1483 δίκαιόν
388 1414 469 1482 ἐστι.
507 1416 641 1481 πολλῶν
664 1415 700 1482 δὲ
723 1416 823 1482 δικῶν
839 1415 873 1483 ἐν
895 1419 936 1502 τῇ
958 1415 1058 1484 πόλει
1080 1441 1172 1503 γενο·

91 1523 211 1602 μένων,
236 1512 365 1596 οὐδένες
388 1512 622 1600 ἀναιδέστερον
643 1516 770 1583 τούτων
787 1511 863 1584 οὐδὲ
884 1522 1172 1605 καταφανέστερον

93 1611 393 1736 ἀντιποιησάμενοι
422 1618 630 1708 φανήσονται
662 1622 727 1685 τῶν
762 1613 898 1705 ἀλλοτρί
900 1645 954 1685 ων.
1009 1618 1081 1686 έοτι
1109 1619 1204 1703 μὲνῠ

93 1705 153 1784 ούν
171 1718 376 1802 χαλεπόν,’
353 1747 379 1785 ω
400 1715 526 1807 ἀνδρες,
550 1719 637 1806 πρὸς
653 1720 870 1847 παρασκευάς
889 1719 994 1806 λόγων
1013 1723 1069 1791 καὶ
1085 1720 1170 1804 μάρ-

90 1844 194 1906 τυρας
222 1814 260 1886 ού
290 1815 465 1910 τάληθήγ
452 1825 700 1909 μαρτυροῦντας
722 1821 770 1901 εις
800 1815 912 1907 ἀγωνα
933 1827 1171 1890 καθίστασθαι

91 1925 171 2008 περὶ
199 1924 414 2010 τηλικούτων,
444 1922 663 1990 παντάπασιν
692 1918 842 2010 ἀπείρως
868 1922 984 2006 έχοντα
1014 1923 1170 2012 δικαστη-

92 2029 189 2111 ρίων·
221 2017 258 2090 ού
280 2023 346 2111 μήν
377 2018 461 2090 ἀλλὰ
485 2025 615 2102 πολλὰς
638 2023 778 2102 ἐλπίδας
800 2025 863 2109 έχω
888 2028 945 2091 καὶ
967 2019 1052 2112 παρ’
1078 2021 1170 2108 ὑμῶν

91 2125 272 2204 τεύξεσθαι
294 2129 361 2193 τῶν
385 2127 523 2193 δικαίιον
544 2129 600 2193 καὶ
621 2131 718 2213 μέχρι
739 2130 848 2248 γετοῦ
870 2125 912 2192 τά
929 2128 1043 2195 δίκαια
1061 2126 1169 2194 εἰπεῖν

89 2229 147 2294 καὶ
170 2221 270 2305 αὐτὸς
299 2221 487 2348 ἀρκούντως
516 2228 612 2316 έρεῑν,
642 2219 682 2294 ἀν
704 2228 749 2317 μή
779 2255 812 2296 τι
842 2231 950 2316 συμβῇ
977 2228 1168 2297 τοιούτονό

91 2325 186 2396 νύν(
169 2354 218 2395 υπ
251 2328 332 2413 ἐμοῦ
354 2329 504 2449 τηγχάνει
527 2323 719 2416 προσδοκῶ
720 2356 814 2398 ιενον
853 2318 1032 2416 δέομαι
995 2357 1052 2398 ουν
1067 2358 1169 2418 υμων,

91 2415 117 2495 ῶ
148 2424 281 2518 ἀνδρες,
310 2456 372 2515 μετ
413 2424 543 2508 ευνοίας
571 2435 608 2496 τέ
635 2457 700 2515 μου
724 2426 879 2513 ἀκούσαι,
903 2422 963 2499 κάν
984 2426 1169 2520 ήδικήσθαι

91 2531 189 2613 δοκῶ,
211 2525 410 2620 βοηθῆσαί
406 2557 465 2615 μοι
487 2530 529 2598 τά
553 2532 676 2601 δίκαια

176 2635 351 2720 Πρῶτονγ
353 2634 399 2700 ιὲν
423 2631 489 2714 οὐν,
513 2629 559 2712 ῶς
580 2661 663 2750 ηνη
685 2629 833 2723 μήτηρή
855 2631 1079 2723 ’μήΚίρωνος
1101 2640 1166 2702 θυ-
1184 2653 1202 2708 6

89 2732 194 2823 γάτηρ
216 2741 345 2823 γνησία,
370 2734 527 2813 ἐπιδείξω
543 2739 641 2802 τούτο
664 2735 750 2821 ύμῖν,
771 2763 814 2803 τα
802 2735 890 2820 μέν
908 2735 1017 2802 πάλαι
1037 2761 1167 2827 γεγενη-

89 2840 174 2920 μένα
198 2833 305 2922 λύγων
328 2829 411 2922 ἀκοή
432 2839 487 2902 καί
509 2836 696 2925 μαρτύρων,
724 2837 766 2904 τά
796 2831 828 2904 δ>
856 2830 942 2904 ὥστε
963 2840 1019 2904 καὶ
1040 2865 1168 2928 μνημο-

90 2936 261 3017 νεύεσθαι,
277 2950 348 3015 τοῖς
364 2935 472 3006 εἰδύσι
484 2937 653 3025 χρώμενος
667 2939 840 3027 μάρτυσιν,
858 2940 915 3007 ’ἔτι
930 2940 970 3006 δὲ.
979 2948 1168 3029 τεκμηρίοις

90 3038 111 3105 ά
126 3043 265 3126 κρείττω
280 3042 374 3123 τῶνι
361 3044 552 3168 μαρτυριῶγ
568 3039 674 3109 ἐστιν·
698 3040 837 3109 επειδάν
860 3041 896 3108 δὲ
917 3044 1022 3108 ταῦτα
1038 3042 1167 3162 φανερά

89 3138 298 3260 καταστήσω,
321 3135 402 3206 τόθ’
422 3137 468 3220 ῶς
490 3145 546 3209 και
567 3144 781 3233 κληρονομεῖν
802 3139 970 3227 μᾶλλον(
952 3133 1068 3262 ημῖνή
1090 3168 1167 3210 του

90 3267 163 3320 τοις
177 3240 340 3362 προσήκει
362 3246 429 3309 τῶν
451 3249 603 3330 Κέρωνος
622 3270 698 3363 χρηι
685 3244 809 3330 μάτων.
847 3237 930 3312 ὅθεν
946 3229 1003 3311 ούν
1025 3239 1166 3332 ήρξαντο

89 3346 171 3431 περὶ
194 3336 313 3425 αὐτῶν,
338 3340 531 3412 ἑντεῦθεν“
514 3348 600 3431 υμᾶς
621 3339 709 3465 κάγώ
733 3345 941 3432 πειράσομαι
963 3345 1142 3414 διδάσκειν.

173 3440 293 3533 Ὁγδιρ
317 3445 462 3526 πάππος
484 3473 501 3515 ο
527 3443 622 3531 ἐμός,
646 3445 672 3512 ῶ
697 3443 884 3535 ἀνδρες,Κ
885 3453 965 3534 ίρων
987 3446 1057 3563 ἕγηγ
1044 3472 1086 3530 με
1107 3447 1199 3568 τήντ

90 3544 172 3633 ἐμήν
192 3544 302 3636 τήθην
318 3545 420 3613 ούσαν
436 3541 629 3632 ἀνεψιάν,ε
614 3545 650 3627 ἐξ
671 3541 818 3637 ἀδελφοῖς
839 3552 897 3638 τής
920 3543 1022 3617 αὑτοῦ
1043 3548 1167 3638 μητρὸς

174 3714 202 3770 4.
220 3719 237 3769 4
255 3716 388 3788 ίνέγκοιτι
405 3747 439 3758 -
457 3723 472 3772 5
492 3719 636 3788 προσέχετε
653 3748 687 3758 -
712 3722 727 3774 8
745 3715 850 3772 οέιδένεε
868 3734 932 3772 corr.
952 3722 975 3786 1,
993 3714 1073 3772 οὐδέν
1090 3721 1165 3775 έστ..

90 3814 126 3866 μ’·
196 3799 223 3856 Β.
244 3805 266 3854 1.
285 3803 301 3855 2
319 3802 379 3855 έστι
396 3803 448 3869 μέν
465 3790 514 3855 σύν
532 3802 557 3857 in
576 3818 627 3858 rus,
645 3803 717 3856 totid.
736 3805 786 3858 litt.
799 3821 863 3860 corr.
878 3809 889 3858 1
909 3834 942 3845 -
962 3807 976 3858 3
994 3805 1167 3876 μαρτνροῦντ

90 3898 136 3950 pr„
154 3900 185 3937 σε
203 3900 224 3939 s.
244 3901 269 3938 v.
286 3885 343 3941 add.
365 3891 387 3939 1.
465 3885 491 3941 6.
510 3890 525 3939 2
543 3883 659 3939 παλαιὰς
682 3895 730 3941 em.
750 3888 838 3958 steph.
857 3917 890 3929 -
909 3893 933 3946 6.
953 3893 967 3942 ’ί
986 3890 1097 3942 τούτονι
1117 3905 1164 3942 em.

92 3965 170 4022 Schb.
240 3969 264 4026 7.
284 3974 295 4022 1
317 3972 408 4040 έγκμι
425 3988 472 4039 ρο,
491 3988 555 4025 corr.
576 3976 584 4024 1
