2626 4476
162 201 182 261 4
648 206 756 260 ΙΣΑῙΟΥ
1173 225 1211 267 01,
1226 227 1245 268 1,

163 380 280 462 μένων,
304 368 350 441 ὦν
373 373 572 459 Κλεώνυμος
594 376 781 456 κατέλιπεν,
805 369 920 454 αύτοῖς
942 375 1093 463 [τούτων]
1110 376 1243 461 ἰσομοι-

164 480 280 598 ρήσαι
303 468 397 542 ούτοι
420 475 456 541 δὲ
478 474 527 554 εἰς
547 477 646 543 τούτο
661 467 797 563 ἥκουσιν
819 469 1106 559 οἰναισχυντίας,τ
1085 472 1171 544 ιύστε
1186 481 1243 545 καί

163 575 206 644 τὰ
221 580 364 664 πατρῷα
378 578 664 667 προσαφελέσθαι
680 573 867 665 ζητοῦσιν(
848 580 945 665 ημᾶς,
965 571 1024 644 ούκ
1039 572 1242 663 άγνοούντες,

165 706 191 745 ω
176 665 399 766 άνδρες,
364 704 402 745 το
427 679 566 762 δίκαιον,
590 673 676 745 άλλά
699 674 876 766 πολλὴν<
856 682 951 766 ημῶν
980 678 1118 768 ἐρημίαν
1141 706 1244 747 κατα-

130 787 150 842 8
166 775 308 868 γνόντες.
353 785 531 864 σκέψασθε
552 779 616 869 γάρ
631 779 714 860 οἷςί
698 779 849 870 εκάτεροι
863 779 1079 859 πιστεύοντες
1095 781 1142 860 εἰς
1157 778 1245 865 ύμᾶς

166 876 508 971 εἰσεληλύθαμεν·
470 908 564 950 ουτοι
585 883 646 967 μὲν
669 882 850 971 διαθήκαις
872 881 1114 972 ἰσχυριζόμενοι
1129 883 1246 950 τοιαύ-

165 1010 249 1067 ταις,
273 983 313 1062 ἃς
334 983 457 1064 ἐκεῖνος
479 984 614 1052 διέθετο
637 985 697 1069 μὲν
720 977 777 1068 ούχ
791 981 870 1073 ἡμῖν
892 983 1037 1071 ἐγκαλῶν
1053 976 1128 1050 ἀλλ’
1153 977 1246 1071 όργι-

166 1090 265 1164 σθεὶς
285 1089 353 1151 τῶν
374 1085 506 1152 οἰκείων
527 1089 593 1153 τινὶ
615 1090 682 1152 τῶν
704 1081 888 1174 ἡμετέρων,
917 1085 1013 1153 ἐλυσε
1036 1085 1072 1151 δὲ
1094 1083 1161 1172 πρὸ
1185 1088 1246 1151 τού

132 1187 330 1269 4θανάτου,
353 1191 496 1272 πέμψας
517 1189 758 1255 Ποσείδιππον
781 1186 838 1255 ἐπὶ
861 1184 921 1274 τήν
944 1181 1061 1274 άρχήν·
1092 1182 1188 1273 ἡμεῖς
1210 1186 1247 1253 δὲ

166 1294 253 1376 γένει
274 1288 335 1372 μὲν
357 1286 522 1374 ἐγγυτάτω
540 1289 773 1378 προσήκοντες,
793 1288 959 1376 χρεόμενοι
977 1288 1013 1354 δὲ
1029 1286 1142 1373 ἐκείνῳ
1158 1286 1247 1354 πάν-

166 1415 233 1455 των
255 1388 454 1472 οἰκειότατα,
478 1389 671 1458 δεδωκότων
702 1385 733 1456 δ’
758 1386 837 1478 ἡμῖν
863 1394 916 1458 καὶ
939 1394 1006 1456 τῶν
1028 1388 1139 1472 νόμων
1161 1388 1246 1455 κατὰ

166 1489 226 1578 τήν
248 1485 439 1578 άγχιστείαν
460 1493 516 1559 καὶ
539 1486 641 1559 αύτού
662 1495 723 1559 τού
744 1491 944 1576 Κλεωνύμου
967 1489 1024 1558 διά
1047 1489 1107 1577 τήν
1129 1492 1247 1578 φιλίαν

167 1591 226 1681 τήν
241 1589 457 1682 ὑπάρχουσαν
473 1587 572 1681 αύτῷ,
596 1592 646 1661 ἐτι
662 1593 698 1661 δέ
712 1591 921 1680 Πολυάρχου,
940 1596 999 1660 τοῦ
1014 1591 1144 1680 πατρὸς
1158 1593 1247 1676 (τοῦ)

167 1694 385 1779 Κλεωνύμου,
415 1694 564 1763 πάππου
592 1688 625 1761 δ’
655 1692 832 1784 ἡμετέρου,
862 1693 1131 1782 προστάξαντος,
1161 1693 1194 1759 εί
1213 1720 1248 1760 τι

133 1794 284 1863 ὂπάθοι
305 1795 505 1880 Κλεώνυμος
528 1792 644 1879 άπαις,
667 1793 746 1884 ἡμῖν
769 1798 886 1863 δοῦναι
906 1795 949 1861 τά
972 1791 1084 1862 αύτού.
1127 1793 1249 1862 τοσού-

167 1923 234 1964 των
255 1904 366 1964 τοίνυν
393 1894 473 1986 ἡμῑν
500 1893 717 1986 ὑπαρχόντων
745 1892 854 1979 οὗτοι,
884 1899 940 1964 καί
969 1910 1134 2020 συγγενεῖς
1155 1891 1250 1977 όντες

168 2001 225 2066 καὶ
247 1992 343 2066 ούδέν
366 1999 548 2066 δίκαιον’
518 2013 627 2067 ειπεῖν
649 1999 791 2084 ἐχοντες,
822 1992 879 2066 οὐκ
909 1998 1121 2124 αἰσχύνονται
1147 2024 1249 2065 κατα-

170 2100 351 2200 στήσαντες
371 2097 460 2188 ἡμᾶς
483 2095 571 2179 εἰς
552 2105 666 2188 αγιῦνα
688 2104 767 2189 περὶ
790 2100 926 2182 τούτων,
950 2103 1031 2188 περὶ
1049 2095 1096 2168 ὦν
1112 2099 1250 2186 αἰσχρόν

135 2214 154 2270 δ
170 2199 211 2290 ήν
234 2196 491 2292 ἀμφισβητῆσαι
504 2206 560 2270 καὶ
574 2216 646 2282 τοῖς
660 2204 763 2293 μηδὲν
777 2202 1013 2291 προσήκουσιν.
1051 2197 1108 2285 ούχ
1122 2198 1251 2286 δμοίως

171 2304 208 2370 δέ
236 2329 295 2387 μοι
324 2291 554 2389 δοκούμεν,
528 2331 555 2369 ω
579 2300 711 2395 άνδρες,
742 2305 937 2373 διακεῖσθαι
966 2303 1052 2393 πρὸς
1075 2301 1249 2392 ἀλλήλους.

171 2403 233 2491 ἐγώ
264 2405 324 2489 μὲν
352 2404 415 2494 γάρ
438 2399 495 2490 ούχ
517 2399 571 2473 ότι
597 2400 654 2475 άδί
641 2413 720 2485 ίκως
748 2405 942 2487 κινδυνεύω,
973 2398 1073 2526 τοῦδ’
1106 2400 1252 2492 ἡγοῦμαι

170 2512 327 2595 μέγιστον
350 2504 437 2576 είναι
458 2534 525 2575 των
547 2508 726 2598 παρόντων
740 2513 857 2588 κακῶν,
881 2499 996 2572 ἄλλω
977 2533 1031 2574 οτι
1047 2500 1135 2605 άγων
1137 2505 1252 2627 ίζομριι

170 2608 258 2697 πρός
280 2609 439 2692 οἰκείους,
463 2609 520 2689 οὓς
542 2604 615 2677 οὐδ’
650 2604 847 2694 ἀμύνασθαι
875 2607 1030 2687 καλώς”
1013 2627 1094 2690 εχει·
1127 2601 1164 2674 ού
1187 2606 1252 2694 γὰρ

171 2738 213 2784 αν
241 2710 367 2778 ἐλάττω
402 2709 577 2801 συμφορὰν
609 2707 797 2799 ἡγησαίμην
827 2733 936 2788 κακως
968 2723 1080 2777 ποιεῖν
1113 2707 1252 2786 τούτους

139 2912 309 2983 ῖτοότων.
354 2905 448 2979 οὗτοι
471 2904 503 2977 δ’
530 2905 567 2978 ού
592 2912 749 3035 τοιαήτην
772 2911 883 2995 ἔχουσι
902 2911 963 2999 τὴν
977 2911 1119 3000 γνώμην,
1143 2905 1217 2978 ἀλλ’
1246 2909 1251 2992 Ι

170 3009 306 3104 ήκουσιν
335 3007 393 3103 ἐφ’
425 3010 514 3101 ἡμᾶς
543 3016 600 3080 καί
629 3013 707 3092 τοὺς
736 3015 856 3099 φίλους
878 3016 1170 3136 παρακαλέσαντες
1195 3015 1252 3080 καὶ

172 3117 315 3239 ῥήτορας
342 3114 681 3236 παρασκευασάμενοι
709 3117 766 3181 καὶ
795 3108 890 3182 ούδέν
921 3110 1045 3184 άπολεί
1031 3122 1166 3193 ίποντες
1192 3118 1252 3202 τῆς

173 3213 282 3286 αύτων
298 3209 521 3301 δυνάμεως,”
493 3240 619 3306 ωσπερ,
634 3244 661 3282 ω
647 3204 803 3305 άνδρες,
820 3214 963 3305 ἐχθρούς
973 3215 1251 3306 τιμωρησόμενοι,

259 3485 771 3558 swiwvdel.Sem-tammum:
785 3487 901 3541 εικωε
913 3472 1251 3558 -οιρημῖιῆμονκο,

258 3571 318 3628 8.1
344 3573 380 3626 εῖτ
398 3573 472 3626 Cob.:
496 3568 533 3625 ιύι
555 3602 588 3610 -
611 3576 731 3626 austros
754 3571 776 3633 Q
801 3603 833 3612 -
856 3568 967 3626 διέθετο
992 3571 1118 3640 Scaliger:
1146 3567 1180 3638 δὴ
1201 3566 1251 3624 ύπ·

175 3657 257 3712 ίδετο
274 3657 357 3710 ΑΜεί.
425 3657 454 3713 4.
472 3659 488 3710 3
506 3655 698 3718 οἰκειοτάτωθ
716 3662 778 3711 -5
797 3653 942 3728 λυάρχουΟ
960 3686 992 3695 -
1010 3658 1059 3708 τοῦ
1072 3657 1128 3710 εδδ.
1142 3657 1200 3710 Dbr.
1220 3686 1253 3695 -

175 3762 290 3860 ’ίπάδίή
303 3793 334 3855 Q.
403 3794 429 3849 5.
448 3797 464 3846 4
482 3788 590 3865 άγιῦναε
601 3791 631 3853 Q.
700 3794 755 3850 (3.5
772 3787 938 3860 ἀμύνασθαι
950 3790 979 3857 Q,
997 3785 1162 3859 ἀμύνεσθαι
1174 3792 1196 3843 Α
1206 3806 1252 3859 pr„

173 3878 226 3931 cin
237 3893 286 3931 ras.
295 3882 313 3952 ,1
333 3908 367 3916 -
388 3880 404 3932 6
421 3873 577 3948 ήγησιίμηνε
596 3893 644 3930 em.
657 3877 715 3932 Ald.
733 3907 766 3916 —-
785 3880 799 3929 '2
813 3870 931 3945 ύιτὸήύπὸ
942 3876 965 3928 Α
977 3892 1024 3945 pn,
1037 3876 1108 3943 prius
1120 3876 1220 3930 induxit
1233 3879 1253 3927 1.

259 3962 283 4019 ἰ.
303 3967 318 4017 3
336 3957 535 4018 ἀπολείπονται
552 3961 582 4023 Q.
