2626 4476
98 271 120 310 p.
134 259 167 300 νο,
411 241 488 294 ΠΕΡΙ
505 239 568 294 ΤΟΥ
584 240 702 294 ΑΓΝΙΟΥ
718 241 854 295 ΚΛΗΡΟΥ.
1119 240 1178 304 131

100 406 177 478 οὔτε
199 413 240 496 τῇ
262 408 320 476 τδν
343 411 462 497 κλήρου
491 408 607 498 έχούση
636 410 674 477 τδ
699 416 967 500 προνενικηκέναι
995 411 1074 489 τοὺς
1096 413 1179 480 κατά

100 511 266 600 διαθήκην
283 503 611 599 ἀμφισβητήσαντας,
635 507 710 578 οάτε
725 517 766 600 τῇ
787 513 882 601 ἑτέρη
896 512 934 579 τὸ
951 519 1077 602 μητέρα
1093 511 1180 583 εἶναι

100 716 210 796 ζοντες
231 713 340 780 καὶτὸ
365 715 494 781 δίκαιον
509 713 657 793 καὶτοὺς
679 707 797 802 ὅρκους
810 718 891 800 περὶ
907 718 1036 782 πολλοῦ
1059 717 1178 804 ἐποιή-

100 840 211 897 σαντο,
235 809 316 882 ὥστ’
336 813 412 900 έμοὶ
426 819 475 901 τῴ
489 815 572 882 κατὰ
587 816 666 894 τοὺς
689 817 810 901 νόμους
833 811 1101 906 ἀμφισβητοῦντι
1118 819 1178 941 τήν

98 923 218 1040 ψῆφον
238 913 385 1005 ήνεγκαν.
436 924 547 985 καίτοι
572 916 602 984 εί
628 916 689 995 τὰς
711 918 771 1001 μὲν
801 923 951 1008 νενίκηκα
979 923 1097 986 τοῦτον
1119 919 1176 988 τὸν
1193 935 1230 991 19

98 1020 240 1109 τρόπον,
270 1018 441 1097 ἐπιδείξας
469 1018 572 1107 μηδὲν
598 1014 713 1108 Ἁγυίηι
740 1013 815 1085 κατ’
850 1014 1039 1107 ἀγχιστείαν
1068 1044 1177 1109 προσ-

98 1121 252 1212 ηκούσας,
276 1114 373 1197 οὗτος
396 1121 431 1187 δέ
435 1145 497 1242 μη
486 1118 693 1209 ἐτόλμησεν
709 1115 920 1210 ἀντιδικήσαι
933 1149 979 1208 τφ
967 1125 1101 1191 παιδὶ
1118 1128 1178 1191 τοῦ

97 1220 294 1330 ἡμικληρίου
318 1222 406 1310 πρὸς
426 1217 528 1310 ήμᾶς,
552 1247 585 1288 οι
575 1222 644 1288 ‘66
666 1229 829 1316 Στρατίου
851 1224 1028 1302 παῖδες(
996 1250 1029 1291 οι
1055 1218 1178 1292 ταάτδν

97 1326 205 1412 τούτῳ
227 1295 452 1412 προσήκοντες
480 1323 563 1412 μηδὲ
591 1327 648 1391 νῦν
671 1317 821 1402 ἀξιοῦσιν
852 1319 1061 1413 ἀντιδικήσαι
1091 1325 1178 1413 πρὸς

99 1426 156 1511 εμὲ
179 1431 257 1514 περὶ
282 1420 400 1507 αὐτῶν,
430 1425 493 1508 έχω
523 1418 595 1490 δ”
581 1426 643 1512 εγώ
667 1426 726 1494 τὸν
753 1429 873 1515 κλήρου
896 1427 1178 1512 ἐπιδικασάμενος

99 1522 184 1618 παρ’
201 1526 288 1613 ὑμῖν,
312 1528 469 1615 ἐξελέγχω
492 1528 527 1593 δέ
543 1531 660 1594 τοῦτον
682 1528 823 1616 μηδέπω
839 1531 894 1594 καὶ
909 1529 1051 1616 τήμερον
1066 1523 1172 1611 ’ἔχοντ’

99 1631 208 1700 εἰπεῖν
230 1623 249 1698 6
271 1657 306 1697 τι
334 1627 351 1697 6
376 1645 459 1708 παῖς
479 1625 597 1747 Ἁγνίᾳ
625 1629 787 1718 προσήκει
815 1624 889 1697 κατ’
916 1624 1114 1716 ἀγχιστείαν,
1143 1637 1178 1697 τί

99 1733 149 1801 έτι
172 1733 224 1801 δεῖ
244 1727 403 1817 μαθεῖν(
385 1736 472 1816 υμάς
492 1721 567 1819 66
536 1737 567 1812 (τ
570 1733 596 1816 ί)
619 1725 798 1798 ποθεῖτε’
781 1735 920 1799 ακοῦσαι
936 1735 1016 1854 περὶ
1032 1732 1177 1815 τούτων,·

99 1834 162 1922 έγο)
191 1835 250 1919 μέν
278 1832 341 1921 γὰρ
371 1828 417 1911 ὦς
446 1831 481 1899 εὖ
511 1838 692 1922 φρονοῦσιν
721 1829 798 1918 ὑμῖν
830 1832 926 1899 ἱκανὰ
954 1832 997 1899 τὰ
1021 1833 1176 1920 εἰρημένα

98 1937 232 2021 νομίζω.

190 2031 296 2114 Οὗτος
325 2043 436 2104 τοίνυν
459 2029 626 2125 ῥᾳδίως”
606 2062 623 2103 ο
646 2061 681 2102 τι
704 2024 744 2102 ἀν
765 2034 844 2121 τάχη
867 2034 1088 2120 ψευδόμενος,
1117 2039 1175 2103 καὶ
1190 2051 1229 2106 20

98 2137 158 2226 τήν
174 2134 276 2204 αὑτοῦ
291 2145 455 2226 πονηρίαν
471 2131 630 2222 οὐδεμίαν
654 2136 772 2226 ζημίαν
787 2132 874 2203 εἶναι
895 2136 1046 2221 νομίζων,
1068 2139 1177 2226 τολμᾷ

97 2267 139 2325 με
163 2239 357 2325 διαβάλλειν
386 2235 471 2306 άλλα
500 2265 536 2305 τε
559 2236 685 2318 πολλά,
716 2240 796 2324 περὶ
818 2231 865 2304 ὦν
888 2237 1076 2325 ποιήσομαι
1097 2238 1176 2317 τοὺς

100 2342 218 2429 λόγους
239 2340 338 2423 τάχα,
361 2344 417 2407 καί
440 2344 511 2408 νυνὶ
534 2343 620 2426 λέγει
635 2335 681 2417 ὦς
704 2338 959 2422 ἓκοινωσάμεθα
982 2337 1044 2426 ἐγώ
1062 2366 1099 2407 τε
1120 2343 1177 2407 καὶ

99 2444 317 2532 Στρατοκλῆς,
341 2441 399 2509 τὸν
422 2436 534 2528 ἀγῶνα
558 2441 699 2507 εἰσιέναι
720 2442 799 2527 περὶ
821 2443 881 2506 τοῦ
895 2439 1015 2527 κλήρου
1036 2444 1176 2527 μέλλον-

98 2571 161 2624 εες.
199 2544 218 2612 6
233 2543 351 2628 μόνοις
364 2540 444 2630 ήμῑν
459 2547 525 2610 τῶν
542 2535 766 2631 ἀμφισβητεῖν
781 2547 1101 2629 παρεσκευασμένων
1117 2538 1176 2610 οάκ

99 2646 182 2734 ένήν,
207 2644 520 2732 διομολογήσασθαι
547 2641 634 2732 πρὸς
657 2636 827 2730 ἀλλήλους.
879 2645 920 2729 τῇ
941 2642 1086 2730 μὲνγὰρ
1109 2637 1174 2710 E6-
1191 2660 1227 2718 ει

97 2749 254 2834 βουλίδου
276 2749 419 2834 θυγατρὶ
443 2745 561 2832 καλιῇ
585 2741 716 2832 Ἁγνίου
737 2746 839 2833 μητρὶ
861 2742 948 2830 πρὸς
975 2739 1064 2833 ήμάς
1087 2737 1175 2831 ἀγω-

97 2850 301 2935 νιζομέναις,
330 2846 374 2936 μή
402 2846 486 2913 κατὰ
508 2841 609 2914 ταάτὸ
635 2841 942 2965 ἀμφισβητοάσαις,
972 2844 1046 2933 ἒνήν
1072 2846 1192 2934 ποιήη

99 2948 230 3019 σασθαι
260 2949 442 3038 συνθήκας,
474 2939 514 3016 ἀν
536 2977 555 3072 η
545 2946 676 3038 (ἑτέρα
704 2952 794 3038 νικᾷ,
822 2953 991 3033 μετεῖναί
1000 2973 1035 3014 τι
1056 2951 1112 3014 καὶ
1133 2951 1176 3035 τῇ

97 3050 238 3143 ήττηθεί
239 3072 296 3141 ση·
326 3052 481 3129 καδίσκος
507 3050 570 3140 γάρ
600 3050 733 3136 έμελλεν
754 3051 758 3134 (
783 3048 922 3174 ἑκατέρην
950 3048 1174 3135 τεθήσεσθαι.

97 3153 134 3222 τὸ
160 3148 192 3221 δ’
210 3150 370 3242 ήμέτερον
393 3147 431 3219 06
453 3155 606 3219 τοιοῦτον
628 3151 677 3240 ήν,
701 3145 814 3218 ἀλλ’
804 3177 838 3218 εν
860 3150 898 3218 τδ
922 3156 1030 3274 γέηος,
1055 3150 1114 3217 δύο
1138 3150 1174 3218 δὲ

84 3255 215 3344 ιλήξεις,
238 3251 433 3344 ἡμικληρίου
449 3252 609 3342 ἑκατέρη)
632 3267 703 3331 τοῖς
727 3253 762 3319 δὲ
776 3251 861 3318 κατά
875 3248 982 3319 ταάτά
1002 3248 1173 3342 ἀμφισβη-

91 3362 1168 3425 ,ίμ--φ--ω-ψ--ῇ-

165 3482 181 3531 4
199 3479 445 3549 προ.νενικηκι’ναι
456 3505 489 3513 -
507 3477 522 3528 8
541 3468 616 3527 άίστί
624 3493 685 3542 μοις
704 3490 753 3527 em.
766 3473 813 3527 Bk.
866 3473 909 3529 19.
922 3477 939 3526 4
950 3468 1029 3540 δμᾶεε
1048 3489 1097 3526 em.
1109 3473 1172 3529 Rsk.

96 3593 129 3604 -
147 3561 175 3615 οἱ
191 3558 234 3615 δίε
253 3581 268 3614 ο
286 3565 403 3614 ουσιαι
423 3589 457 3598 -
476 3552 583 3627 ῖάμῶν
597 3574 644 3625 χιι,
657 3575 722 3611 corr.
736 3562 751 3612 2
764 3551 900 3624 -ίχοντ’
915 3574 979 3610 corr.
997 3561 1019 3623 1,
1035 3553 1170 3623 έχ.....τ’

96 3665 134 3716 pr.
154 3654 181 3716 (τ
199 3650 256 3702 fort.
276 3664 339 3701 corr,
358 3662 390 3698 ex
407 3664 443 3712 π,
466 3645 542 3698 tertia
567 3645 607 3699 lit.
625 3659 690 3699 eras.
714 3645 763 3698 fuit
779 3646 806 3710 τ)
830 3673 864 3682 -
885 3647 901 3696 9
920 3649 951 3696 τί
966 3643 1025 3697 add.
1042 3643 1104 3696 Rsk.

95 3732 142 3788 20.
161 3739 176 3786 4
194 3732 264 3797 τάχα
281 3736 328 3783 καὶ
345 3732 372 3784 in
389 3733 467 3783 ηαδ
486 3729 536 3782 litt.
550 3744 613 3781 corr.
628 3732 641 3781 1
661 3728 741 3796 (τάχα
758 3745 808 3782 om.
826 3733 888 3796 pm:
907 3722 977 3793 τάχα
995 3723 1026 3779 δὲ
1042 3731 1087 3780 καὶ
1101 3728 1172 3796 Rsk.‚

96 3819 183 3871 malim
201 3822 247 3869 καὶ
270 3815 341 3881 τάχα
358 3819 404 3867 καὶ
490 3813 533 3868 21.
552 3810 657 3867 θνατὰ
677 3809 763 3867 ταύτὸ
781 3829 845 3867 corr.
863 3816 888 3880 2,
912 3807 977 3864 κατ’
998 3808 1065 3866 αὐτὸ
1083 3829 1120 3880 pr.
1138 3842 1174 3854 -

95 3898 185 3969 46⁸.
204 3921 229 3956 v.
248 3906 261 3955 1
288 3931 322 3940 -
345 3919 386 3954 τι.
405 3916 442 3968 pr.
465 3927 497 3940 -·
521 3904 535 3951 5
554 3899 675 3967 Harpoor.
693 3915 718 3951 v.
736 3893 873 3950 καδίσκου·
889 3893 986 3950 Ἰσαῖον
1002 3899 1033 3951 έν
1049 3898 1091 3964 τῷ
1109 3901 1172 3968 περὶ

95 3988 144 4041 τοῦ
160 3984 266 4060 Ἁγνίου
285 3983 382 4058 κλήρου
398 4013 433 4025 -
451 3988 465 4036 Ἰ
483 3984 573 4036 ταῦτα
590 3999 636 4051 pn,
656 3999 719 4037 corr.
738 3987 753 4037 2

948 4067 980 4118 9*
