2626 4476
167 233 228 296 130
653 236 761 290 ΙΣΑΙΟΥ
1164 256 1202 298 οι.
1216 257 1248 298 ιι.

169 413 254 474 σθαι
276 401 354 490 ύμῖν
384 399 437 473 ύτι
467 399 539 472 ούτ’
566 399 670 473 ἄδικοί
691 404 749 472 τὸν
781 406 890 473 παῖδα
913 400 1008 475 ούύέν
1034 401 1106 475 οὔτ’
1133 406 1247 491 ἐνοχός

168 509 238 593 εἰμι
259 507 397 585 ταύταις
420 520 494 585 ταῖς
518 507 642 585 αἰτίαις
665 501 741 574 ούόἐ
763 505 847 574 κατὰ
869 509 1002 596 μικρόν·
1026 509 1076 576 ἐτι
1100 510 1136 576 δέ
1153 502 1244 598 άκρι-

166 605 370 737 γίέστερονί
351 613 496 695 ηγούμαι
524 608 623 676 καί’
608 635 643 676 εκ
671 611 738 675 τῶν
768 604 916 675 ἄλλωνζ
898 615 985 695 υμᾶς
1010 611 1246 700 μαθήσεσθαι,

167 715 223 779 καὶ
250 709 310 798 την
339 708 419 798 ἐμὴν
442 708 615 785 ἐπιδικασί
602 717 665 792 ίαν,
695 706 741 788 ὥς
768 705 955 798 γίγονεν,’
937 711 1144 791 ακούσαντας
1166 716 1244 801 περὶ

169 806 287 880 αύτιύν.
333 811 408 896 ἐμοὶ
429 811 501 899 γάρ,
525 839 551 878 ιο
537 799 702 900 άνόρες,
726 812 860 895 λαχόντι
880 816 942 879 τού
968 813 1147 901 κλήρου
1111 840 1172 901 την
1195 815 1246 881 66-

167 940 225 1004 κην
249 910 324 981 ούτε
346 908 443 991 οὗτος
466 909 483 980 6
507 918 563 980 νῦν
586 913 643 997 ἐμὲ
666 913 884 1001 εἰσαγγέλλων
913 909 1010 1004 ᾠήθη
1041 916 1111 983 δεῖν
1134 941 1244 1003 παρα·

166 1017 387 1102 καταβάλλειν
414 1011 500 1103 ύπέρ
530 1019 588 1081 τού
609 1015 749 1099 παιδός,
780 1010 854 1082 ούτε
883 1016 916 1082 οί
938 1021 1102 1103 Στρατίου
1125 1019 1247 1097 παῖδες

170 1119 202 1185 οἱ
223 1112 324 1185 ταύτὸ
347 1120 396 1202 τῷ
417 1117 518 1184 παιδὶ
539 1117 771 1204 προσήκοντες,
880 1113 955 1184 ούτε
978 1111 1024 1186 δι’
1052 1114 1134 1186 άλλο
1151 1113 1244 1186 ούδὲν

115 1235 151 1290 16
169 1215 284 1297 αὑτοῖς
314 1217 465 1303 ἐνόμιζον
493 1213 674 1305 προσήκειν
697 1217 822 1297 τούτων
850 1222 916 1285 τιύν
942 1220 1136 1309 χρημάτων·
1171 1221 1244 1288 ἐπεὶ

169 1310 283 1387 066³
270 1310 310 1386 άν
339 1314 435 1398 οὗτος
464 1323 520 1387 νύν
550 1318 625 1404 ἐμοὶ
653 1320 834 1446 πράγματα
861 1335 1028 1408 παρεῖχεν,
1058 1322 1089 1388 εί
1118 1321 1161 1388 τά
1187 1327 1243 1389 τοῦ

168 1420 349 1499 παιδὸς”
317 1446 395 1489 ειιον
418 1417 580 1508 ἁρπάζειν
609 1425 664 1488 καὶ
693 1420 737 1509 μὴ
760 1416 983 1542 ἠναντιούμην
1007 1417 1107 1510 αύτῷ.
1153 1418 1243 1492 οὗτοι

167 1510 293 1608 μὲν
255 1550 322 1603 ουν,
352 1516 467 1610 ὥσπερ
498 1519 604 1604 είπον,
633 1517 808 1600 είύύτες”
788 1549 842 1590 οτι
871 1509 981 1602 ’ἐξως
961 1546 1046 1612 ησαν
1072 1550 1131 1614 της
1154 1519 1243 1613 άγχι-

168 1632 291 1710 στείας,
315 1618 372 1692 ούκ
393 1618 630 1713 ἠμφεσβήτουν
653 1619 728 1691 άλλ
746 1620 891 1713 ἡσυχίαν
914 1621 1016 1708 είχον
1046 1621 1135 1693 066
1161 1625 1242 1716 ύπέρ

166 1731 225 1813 τῆς
255 1721 459 1811 Εὐβουλίδου
489 1724 660 1812 θυγατρὸς
688 1726 910 1814 πράττοντες,
940 1730 998 1813 της
1026 1726 1064 1795 τὸ
1094 1722 1175 1796 αύτὸ
1197 1733 1243 1850 τη]

167 1828 267 1895 παιδὶ
296 1831 353 1895 καὶ
380 1841 451 1906 τοῖς
472 1833 644 1927 Στρατίου
658 1831 761 1895 παισὶ
782 1827 1030 1917 προσηκούσης,
1053 1833 1110 1898 καὶ
1134 1831 1168 1897 οἱ
1189 1830 1243 1897 κύ·

169 1956 237 2018 ριοι
259 1955 317 2020 της
332 1926 423 2016 Ἀγνί
425 1955 491 2014 ουγ
478 1927 603 2016 μητρὸς
624 1927 783 2014 ἠσανο
732 1929 783 1997 οἷο
786 1935 799 1996 ί
820 1954 856 1995 τε
872 1928 958 2016 πρὸς
981 1928 1039 2014 ἐμὲ
1055 1924 1242 2000 άντιόικεῖν.

116 2047 148 2102 17
170 2032 218 2111 εἰς
240 2056 406 2110 τοσαυτας
427 2025 495 2097 6
478 2036 583 2116 απορί
586 2054 624 2107 ας
646 2023 892 2118 κατίστησαν”
873 2057 890 2097 ο
914 2056 947 2098 τι
971 2025 1243 2121 άντιγράψωνται

168 2137 248 2218 περὶ
269 2138 329 2221 τῆς
360 2127 563 2218 ἀγχιστείας,
591 2124 677 2196 ὥστε
698 2156 718 2219 η
741 2132 802 2215 μὲν
823 2131 883 2199 τὸν
903 2134 1024 2220 κλῆρον
1047 2134 1169 2217 ἐχουσα
1190 2136 1241 2201 καί

169 2236 203 2302 οἱ
226 2237 373 2320 λέγοντες
402 2230 439 2299 τὸ
469 2234 550 2319 περὶ
580 2226 680 2320 αὐτῆς
701 2237 811 2318 γένος,
842 2233 958 2324 ἐπειδὴ
984 2236 1244 2322 κατεψεύσαντο,

169 2336 294 2424 ῥᾳδίως
315 2327 378 2400 ύπ)
405 2332 485 2417 ἐμοῦ
506 2333 583 2400 τότε
605 2332 850 2424 ἐξηλέγχθησαν
873 2331 931 2403 ούκ
961 2331 1089 2427 ἀληθές
1110 2363 1145 2405 τι
1166 2337 1243 2426 γρά·

168 2449 237 2522 ψαι
264 2435 503 2524 τολμήσαντες,
535 2436 567 2502 οἱ
596 2429 628 2502 6³
654 2431 739 2524 ύπέρ
768 2441 827 2525 τῆς
855 2433 979 2525 Ἁγνίου
1007 2438 1133 2528 μητρὸς
1160 2445 1243 2526 γένει

168 2539 228 2622 μὲν
250 2536 325 2621 ἐμοὶ
339 2532 439 2605 ταύτὸ
456 2537 688 2627 προσηκούσης
710 2575 753 2587 -
776 2533 903 2629 άδελφη
925 2540 988 2630 γὰρ
1003 2528 1043 2629 ἦν
1065 2545 1126 2608 τού
1140 2547 1243 2628 Στρα·

168 2647 240 2708 τίου
265 2677 303 2687 -
328 2639 418 2757 νόμην
448 2640 484 2706 δὲ
507 2633 776 2727 άπακλειομένης,
801 2639 839 2719 ὃς
859 2642 986 2709 κελεύει
1012 2657 1146 2730 κρατεῖν
1168 2642 1243 2719 τούς

169 2737 318 2828 άρρενας,
341 2745 439 2808 τούτο
468 2741 529 2825 μὲν
552 2740 678 2821 εἴασαν,
708 2736 952 2824 οἰόμενοιδ”
938 2747 1019 2828 ἐμοῦ
1047 2744 1243 2832 πλεονεκτή-

169 2866 240 2909 σειν
262 2847 413 2960 μητέρα
411 2839 498 2908 εἶναι
511 2867 570 2908 του
557 2842 880 2929 τελευτήσαντος”
863 2858 1029 2931 εγραψαν
1052 2844 1071 2912 6
1096 2850 1243 2933 συγγενί-

170 2967 335 3026 στατονμ
325 2930 413 3008 ιὲν
394 2969 434 3030 ην
455 2946 495 3029 τῇ
525 2941 625 3030 φύσει
647 2942 793 3025 πάντων,
824 2943 858 3011 ἐν
887 2946 923 3012 ὁέ
945 2959 1019 3024 ταῖς
1042 2939 1242 3033 άγχιστείαις

116 3064 151 3120 18
170 3041 347 3131 ὁμολογουγ
348 3047 441 3121 ιένως
471 3036 528 3110 οὐκ
561 3042 660 3111 ἐστιν.
716 3041 788 3111 εἶτα
820 3046 955 3134 γράψας
989 3041 1133 3132 άνεψιοῦ
1163 3062 1244 3125 παῖς

170 3143 257 3213 εἶναι
283 3140 435 3222 κάκείνας
463 3139 695 3231 ἐξελίγξας’
660 3171 718 3212 ουκ
746 3141 848 3226 ούσας
871 3147 905 3215 ἐν
933 3163 1008 3226 ταῖς
1031 3143 1242 3235 άγχιστείαις,

169 3239 274 3325 ούτως
296 3246 544 3335 ἐπεδικασάμην
567 3241 650 3336 παρ)
674 3244 761 3333 ύμῖν,
784 3252 839 3315 καί
864 3243 972 3316 αύτιύν
995 3245 1053 3318 ούκ
1075 3252 1191 3335 ἴσχυσέ
1210 3277 1242 3318 τι

237 3419 279 3473 15.
293 3421 307 3470 Ἰ
322 3411 411 3483 ιύὴθιι
424 3378 470 3484 p6.‚
488 3432 552 3469 cerr.
564 3421 575 3468 1
592 3447 624 3455 -
637 3420 652 3469 9
664 3411 751 3470 ταύτὸ
763 3417 822 3469 Bk.:
836 3414 926 3471 τούτω
938 3448 972 3458 -
985 3420 1075 3473 deesse
1087 3421 1148 3489 aliq.
1161 3437 1243 3489 persp.

168 3551 238 3616 Rsk„
257 3552 287 3604 ft.
299 3553 366 3619 sppl.
383 3549 446 3603 οὔτε
463 3548 509 3604 διὰ
521 3552 602 3605 τοῦτο
670 3552 712 3607 16.
733 3558 747 3606 5
765 3552 794 3605 οἱ
804 3569 868 3607 corr.
884 3559 905 3619 l,
921 3572 949 3608 ο.
962 3571 999 3622 pr.
1018 3585 1052 3595 —
1070 3561 1086 3610 6
1104 3503 1241 3625 ιύβουλρτ.,

169 3640 261 3690 eorr.2
279 3665 313 3675 —
329 3634 362 3688 τὸ
375 3633 497 3691 αὐτὸ...
511 3633 622 3691 δικαίαις
644 3638 693 3690 τοῦ
718 3644 847 3707 στρατίου
871 3635 965 3692 παιδὶ.
984 3657 1022 3709 pr.
1044 3643 1115 3706 (ante
1134 3637 1244 3694 δικαίοις

168 3737 232 3775 eras.
244 3721 306 3786 τῶ),
324 3721 365 3773 τῶ
384 3737 415 3773 ex
432 3722 482 3773 τοῦ
499 3738 563 3775 corr.
577 3726 606 3775 2:
625 3716 885 3789 6aualwedel.16br.‚
904 3730 1034 3794 στρατίου
1052 3725 1103 3778 del.
1117 3726 1241 3789 Schoem.‚

167 3809 222 3858 τοῖς
240 3808 377 3874 Στρατίου
394 3810 475 3859 παισὶ
493 3807 524 3858 ci.
544 3805 637 3872 Baiter,
655 3809 752 3860 mutavi
770 3808 802 3880 de
819 3824 877 3862 meo
896 3838 930 3849 -
948 3813 963 3863 8
984 3829 1014 3862 τε
1032 3811 1083 3864 del.
1102 3811 1163 3868 Dbr.

167 3890 208 3962 17Ι
227 3897 241 3946 Ιί
261 3885 309 3945 .ύσ
326 3907 363 3958 pr.
426 3894 495 3948 18.1
516 3895 580 3946 παῖε
591 3888 855 3959 Εῐηρυτίυεε,παῖὃασ
872 3923 906 3934 ·-
924 3899 939 3948 2
958 3893 1096 3967 ἐξελέγξαι
1108 3896 1184 3949 Rsk.:
1203 3895 1243 3956 ἐξ·

167 3975 266 4048 ἡλεγξα
282 4007 316 4017 -
335 3972 439 4031 3αύτῶ
456 3993 503 4045 pn,
521 3993 585 4031 corr.
606 3983 618 4032 1
638 4009 670 4017 -—
688 3998 717 4031 τι
735 3979 809 4034 Baka
828 3996 870 4032 τιε
