2626 4476
526 228 718 282 PRAEFATIO.
1103 228 1159 282 xm

84 410 144 450 του
158 386 225 450 τῶν
240 421 280 431 -
296 385 361 445 Vlll
377 388 428 457 20,
441 388 460 448 6
476 388 590 470 κυρίαν
605 395 746 449 ποιεῖν
762 417 803 428 -·
818 385 869 456 25,
887 389 956 463 dsq.
971 379 1065 467 παρὰ
1080 378 1158 447 τού-

86 507 145 547 του
162 474 194 545 d‘
213 482 408 556 -11130,4
425 471 457 544 d'
475 476 610 563 ὑμῖν-
626 484 708 556 32,2
725 472 910 567 ἆστυφίλου
926 517 967 528 -
984 483 1062 555 37,1
1080 481 1158 544 τοῦ·

86 604 144 646 τον
158 580 240 641 -X
258 583 306 654 19,
323 585 398 658 5sq.
416 569 517 663 αὐτὴν
533 574 617 653 ἕξειν
634 613 671 623 -
688 578 728 638 Xl
743 584 772 651 4,
790 583 804 643 1
824 576 861 642 δέ
874 601 930 643 τοι
945 612 984 623 -
1000 582 1051 652 47,
1068 581 1158 663 1ο)-

86 678 234 742 λικαῦτα.

173 775 305 835 Oratio
328 773 550 835 duodecima
572 782 602 834 et
623 791 658 833 ea
672 790 746 850 quae
761 772 928 834 bekkerum
949 781 1068 834 secutus
1083 771 1159 849 elegi

87 873 299 950 fragmenta
314 872 442 944 maiora,
457 870 488 931 in
505 870 636 949 Dionysii
652 869 919 930 Halicarnassensis
934 870 970 930 de
985 869 1066 931 Isaeo
1082 868 1158 928 iudi-

88 969 134 1030 cio
150 976 262 1030 servata
284 977 363 1030 sunt.
394 969 479 1040 Quod
503 985 631 1046 quorum
655 967 790 1028 codicum
806 985 863 1045 opc
879 966 1096 1027 restituendum
1111 965 1158 1038 sit,

88 1067 300 1128 demonstravit
322 1066 435 1127 Usener
456 1065 487 1125 in
510 1064 607 1125 annal.
623 1064 725 1143 philol.
743 1065 824 1127 1873
840 1082 869 1143 p.
887 1067 948 1147 145
962 1081 1028 1141 sqq.
1064 1063 1160 1134 Quam

88 1163 234 1225 rationem
256 1164 285 1224 in
315 1163 434 1224 utendis
456 1163 491 1224 iis
512 1171 631 1224 secutus
653 1161 722 1235 sim,
745 1180 793 1222 res
816 1161 878 1240 ipsa
901 1160 1028 1221 docebit.
1060 1159 1160 1221 Varias

89 1261 233 1322 lectiones
255 1259 392 1322 codicum
406 1260 429 1320 F
445 1260 544 1338 (Laur.
559 1259 633 1338 plut.
649 1258 713 1318 LIX
730 1260 781 1334 15)
803 1268 833 1320 ct
853 1256 882 1319 Μ
898 1257 1080 1336 (Ambrosll
1099 1259 1159 1321 119

89 1359 168 1437 sup.)
189 1357 386 1438 suppeditavit
408 1358 515 1431 Sadte,
538 1358 574 1419 de
596 1356 730 1436 Dionysii
751 1355 1017 1417 halicarnassensis
1042 1354 1162 1434 seriptis

90 1456 247 1516 rhetoricis
262 1456 451 1534 quaestiones
466 1456 596 1516 criticae.
612 1453 802 1533 Argentorati
815 1454 907 1517 1878.
930 1452 1079 1514 CodicisP
1094 1452 1161 1530 (Pa-

89 1553 138 1613 lat.
147 1554 198 1629 58)
214 1553 358 1613 lectiones
371 1571 440 1612 cnm
452 1570 540 1612 nemo
552 1552 647 1612 adhuc
658 1551 857 1629 divulgaverit,
874 1551 1077 1628 apographum
1089 1549 1161 1621 eius,
1184 1556 1186 1563 '

92 1649 224 1709 codicem
240 1649 263 1708 Α
280 1649 456 1727 (Parisinum
475 1650 581 1725 1657),
603 1649 733 1722 contuli;
756 1649 840 1709 ouius
854 1647 999 1708 lectiones
1014 1647 1053 1706 ita
1068 1645 1161 1705 adno-

90 1745 198 1807 tationi
213 1746 334 1820 inserui,
351 1755 383 1807 ut
397 1747 505 1807 menda
519 1746 693 1825 scripturae,
709 1764 784 1825 quae
798 1745 920 1825 propria
931 1744 978 1806 ibe
991 1743 1078 1804 habet
1093 1761 1161 1823 per-

90 1844 192 1918 multa,
208 1844 385 1904 omitterem.
415 1844 552 1905 Codicem
567 1844 590 1903 B
606 1843 741 1922 (Parisin.
759 1844 853 1920 1742)
868 1842 945 1904 idem
960 1842 1024 1921 ipse
1039 1840 1162 1902 contuli.

176 1941 314 2003 Ceterum
336 1940 557 2002 adnotationem
579 1941 610 2000 13
633 1941 679 2002 his
700 1940 736 2000 ad
759 1940 874 2001 easdem
896 1939 1026 2001 rationes
1051 1938 1161 2018 redegi,

93 2057 166 2118 quas
180 2057 270 2118 supra
285 2039 420 2100 indicavi.
457 2038 580 2116 Legitur
595 2046 693 2099 autem
715 2038 746 2098 in
768 2037 852 2098 libris
866 2037 920 2096 1111
936 2040 955 2100 6
976 2039 1106 2119 μένεται
1120 2068 1162 2079 -

93 2138 122 2206 9,
138 2137 157 2197 9
173 2129 346 2217 ἐγίνωσκεν
363 2170 402 2179 -
420 2138 448 2209 3,
464 2139 484 2197 4
500 2132 728 2221 φράτορας-
750 2136 779 2207 8,
796 2138 814 2197 7
831 2129 999 2219 φράτορσι
1019 2167 1060 2177 --
1076 2136 1105 2205 6,
1124 2135 1162 2196 12

95 2222 262 2316 εὐφιλήταν
277 2227 384 2295 τούτω
399 2265 442 2276 -
456 2235 488 2305 9,
505 2237 541 2295 11
560 2223 738 2318 εὐφίλητον
759 2232 877 2295 τοῦτον
891 2264 935 2275 -
949 2232 985 2291 fr.
1001 2232 1014 2290 l
1031 2236 1046 2294 1
1064 2222 1166 2312 εὐμα-

95 2332 156 2392 θεῖ
175 2325 300 2402 τούτω;
322 2329 392 2390 item
408 2331 437 2402 2,
453 2333 482 2391 4.
519 2330 582 2390 Vox
604 2349 633 2409 q.
649 2350 675 2390 e.
700 2324 798 2404 αὐτὸς
820 2329 912 2390 semel
933 2329 1006 2389 falso
1029 2328 1166 2407 spiritum

95 2445 232 2506 asperum
249 2426 336 2486 habet
351 2426 380 2486 in
397 2425 420 2486 F
436 2425 500 2503 (llll
511 2429 566 2500 3,2
583 2420 708 2503 αὖτιῦι),
724 2445 810 2505 saepe
826 2427 922 2487 lenem
938 2426 1011 2486 salso
1026 2426 1057 2486 13
1070 2425 1167 2486 omni·

93 2524 150 2584 bus
164 2523 257 2584 libris.
648 2541 652 2545 ’

180 2620 204 2680 Ε
227 2620 348 2700 reliquis
369 2621 542 2699 fragmentis
564 2641 657 2682 unum
680 2622 728 2683 hic
751 2620 880 2692 subicio,
905 2621 984 2697 quod
1007 2619 1166 2680 Sakkehon

97 2717 232 2795 (bulletin
248 2719 283 2778 de
299 2717 830 2797 υο33353.1331113113318773151)
846 2737 880 2779 ex
895 2717 971 2778 libro
986 2726 1084 2777 vetere
1100 2716 1167 2776 Ρ31-

16 2845 18 2849 ’
96 2814 191 2875 miaco
206 2815 237 2875 in
253 2815 349 2876 lucem
364 2814 496 2894 protulit.
526 2816 603 2876 Sunt
618 2827 715 2877 autem
730 2817 789 2878 illic
804 2826 872 2896 post
886 2817 986 2878 falsam
1000 2814 1081 2875 vocis
1096 2833 1125 2892 q.
1141 2832 1167 2874 e.

98 2907 299 2997 ἕκμαρτυρία
315 2912 518 2973 definitionem
532 2914 621 2974 verba
635 2915 721 2976 haec:
744 2905 789 2989 ὥς
811 2934 914 2999 φησιν
925 2905 1046 2990 Ἰσαῖος
1068 2911 1102 2979 ἐν
1119 2915 1168 2997 τῷ

96 3003 206 3092 πρὸς
223 3000 482 3095 Ἐπικράτην·
511 3001 558 3074 Οὐ
574 3014 685 3076 τοίνυν
699 3009 812 3092 μόνον,
828 2999 854 3076 ὦ
871 3006 987 3099 ἄνδρες
1003 3011 1167 3090 δικασταί,

96 3101 219 3191 ταύτην
241 3101 300 3190 τὴν
321 3111 505 3192 μαρτυρίαν
523 3105 731 3199 ρταρέξομαι,
762 3100 924 3176 ἀλλὰκαὶ
950 3107 1168 3195 ἐκμαρτυρίαν

98 3199 213 3285 ἑτέραν
228 3201 442 3286 Μυρωνίδου,
467 3200 504 3279 ὃς
517 3200 557 3288 ἠν
572 3206 638 3268 τιῦν
655 3202 807 3291 δημοτῶν
821 3207 1062 3291 πρεσβύτατος.

183 3300 217 3360 13
241 3301 553 3363 emendationum
582 3304 809 3366 auctoribus
831 3306 995 3367 indicandis
1017 3307 1063 3368 his
1088 3305 1168 3385 siglis

98 3416 169 3458 usus
184 3415 265 3457 sum:
285 3397 349 3459 dld.
364 3426 407 3449 =
421 3400 522 3472 Aldus,
537 3400 639 3478 Steph.
654 3428 697 3451 =
712 3401 888 3480 Stephanus,
910 3403 980 3464 asa.
995 3431 1038 3454 =
1052 3403 1168 3474 Reislre,

99 3493 153 3553 Bk.
169 3525 210 3544 =
225 3493 351 3568 Bekker,
373 3495 510 3557 Schoem.
525 3525 568 3547 =
583 3497 763 3572 Schdmann,
779 3499 866 3560 Turr.
881 3528 924 3551 =
939 3501 1066 3562 editores
1081 3499 1169 3560 Turi-

100 3609 219 3662 censes,
242 3590 329 3650 Schb.
344 3619 388 3643 ==
402 3593 538 3654 Scheibe.
574 3594 631 3665 Qui
651 3594 792 3674 deinceps
812 3597 885 3659 lsaei
907 3598 1055 3659 orationes
1070 3597 1169 3658 edide-

99 3696 180 3748 runt.
208 3688 377 3749 Accedunt:
394 3690 464 3751 Cob.
478 3718 521 3742 =
536 3691 637 3766 Cobet,
652 3693 723 3753 bbr.
738 3720 780 3745 =
794 3693 919 3770 Dobree,
941 3695 1021 3756 Hrw.
1036 3724 1079 3747 =
1093 3695 1169 3755 Her-

99 3786 230 3856 werden,
253 3785 324 3845 Nbr.
338 3814 381 3837 =
396 3787 501 3850 Naber.
539 3789 663 3868 Reliqua
679 3791 799 3851 nomina
821 3794 909 3872 plena
924 3793 1080 3873 adscripsi3
1103 3791 1169 3853 ubi·

101 3899 228 3961 cumque
243 3891 341 3944 autem
364 3884 473 3947 codicis
494 3886 616 3947 lectioni
638 3888 835 3950 emendatoris
856 3910 966 3951 nomen
987 3910 1048 3951 non
1064 3890 1169 3964 addidi,

99 3979 190 4040 Aldus
202 3980 261 4041 sive
273 3999 309 4040 ex
321 3981 415 4060 ipsius
426 3982 546 4060 ingenio
558 3983 617 4046 sivo
628 3983 703 4045 libro
716 4003 776 4046 suo
791 3987 885 4049 fretus
897 3987 1041 4050 mendum
1051 3987 1171 4050 sustulit
