2626 4476
190 249 251 312 124
676 252 785 306 ΙΣΑΙΟΥ
1188 269 1223 310 οι.
1237 269 1265 312 ιο

188 428 268 513 περὶ
297 425 333 491 δέ
361 426 420 490 τού
442 426 629 500 τεθνεῶτος
658 420 817 503 λέξουσιν,
848 419 1014 498 ἐλεοῦντες
1035 415 1083 499 ὥς
1111 413 1196 508 ἀνὴρ
1223 409 1265 487 ὢν

189 522 321 615 άγαθδς
344 523 378 593 ἓν
406 528 454 612 τῴ
475 526 614 611 πολέμῳ
643 527 800 613 τέθνηκε,
826 526 883 590 καί
904 517 959 591 ότι
981 516 1019 590 ού
1042 522 1176 590 δίκαιόν
1197 520 1266 590 ἐστι

188 626 250 704 τὰς
278 626 401 695 ἐκείνου
432 625 600 715 διαθήκας
628 618 768 713 άκύροις
795 624 1011 693 καθιστάναι.
1063 622 1126 710 ἐγιδ
1155 623 1265 691 δὲκαὶ

189 723 305 811 αύτός,
329 716 355 795 ὦ
379 723 509 816 ἄνδρες,
538 724 634 811 οἶμαι
660 727 729 794 δεῖν
756 732 871 814 κυρίας
894 723 981 794 εἶναι
1003 725 1064 805 τὰς
1090 723 1265 814 διαθήκας,

189 830 229 910 άς
258 821 299 897 άν
328 830 464 908 (ἕκαστος
494 829 659 915 διαθῆται
686 831 766 917 περί
794 832 860 896 τῶν
884 827 1018 911 ἑαυτοῦ,
1050 830 1132 916 περὶ
1154 832 1266 911 μέντοι

188 937 255 1000 τῶν
277 926 463 1021 ἀλλοτρίων
485 924 523 997 ού
545 937 661 1019 κυρίας
683 926 770 998 εἶναι
791 929 852 1008 τάς
875 929 1057 1019 διαθήκας,
1088 922 1207 1017 ὥσπερ
1229 927 1265 1008 ἃς

136 1037 175 1096 28
189 1024 257 1121 (ἐν)
281 1034 417 1111 ἕκαστος
439 1035 599 1121 περὶτῶν
616 1028 717 1099 αὑτοῦ
739 1033 913 1120 διαθῆται.
949 1037 1056 1100 ταῦτα
1078 1031 1114 1098 δέ
1130 1024 1171 1098 ού
1192 1029 1265 1098 τού·

188 1163 256 1205 των
284 1131 365 1203 όντα
394 1127 468 1200 ἄλλ’
494 1129 638 1221 ἡμέτερα
667 1140 835 1222 φαίνεται.
879 1127 967 1201 ὥστε
995 1123 1036 1200 όν
1065 1132 1125 1200 ἐπὶ
1151 1136 1264 1201 τοῦτον

189 1236 248 1305 τόν
271 1237 368 1323 λόγον
389 1235 580 1324 καταφεύγῃ
595 1237 651 1302 καὶ
673 1235 843 1324 μάρτυρας
857 1241 1044 1325 παρέχηται
1062 1231 1109 1313 ὦς
1133 1235 1264 1304 διέθετο

190 1337 322 1420 ἐκεῖνος,
346 1336 572 1406 ἐπιδεικνύναι
592 1337 738 1406 κελεύετε
761 1338 800 1427 δὴ
816 1334 934 1415 καλιάς
950 1336 1136 1406 τάέαυτοῦ.
1170 1341 1264 1405 τοῦτο

115 1512 121 1525 ,
188 1441 251 1530 γάρ
275 1441 404 1508 δίκαιόν
427 1439 507 1508 ἐστι.
545 1439 722 1507 δεινότατα
743 1440 806 1529 γάρ
822 1431 892 1526 (ἐν)
916 1439 1053 1507 πάντων
1074 1444 1216 1526 γένοιτο,
1237 1437 1264 1506 εί

188 1543 383 1632 Κυρωνίδης
404 1543 465 1629 μὲν
480 1545 535 1610 καὶ
559 1535 661 1623 οὗτοι,
685 1538 778 1620 όντες
801 1541 837 1621 ἐξ
858 1540 992 1625 ἐκείνου,
1015 1541 1060 1628 μὴ
1083 1541 1189 1627 μόνον
1210 1539 1263 1609 τόν

187 1648 386 1720 Ξεναινέτου
415 1640 506 1712 οἶκον
537 1646 641 1711 πλέον
672 1633 693 1732 ἢ
725 1642 893 1731 τεττάρων
925 1643 1098 1712 ταλάντων
1128 1643 1264 1725 ἕξουσιν,

189 1739 274 1812 ἇλλὰ
296 1749 353 1812 καί
375 1746 472 1814 τόνδε
494 1744 763 1835 πρασλήψονται,
787 1742 850 1833 ἐγώ
874 1745 910 1812 δὲ
932 1749 992 1833 τῆς
1019 1745 1147 1834 μητρὸς
1170 1741 1265 1834 ούσης

189 1854 305 1937 κυρίας
325 1851 383 1916 καί
405 1848 439 1916 ἐκ
466 1852 533 1916 τῶν
563 1841 671 1915 αύτων
693 1847 869 1934 Κυρωνίδη
898 1852 1111 1936 γεγενημένος
1133 1847 1166 1916 εἰ
1186 1847 1265 1938 μηδὲ

190 1949 249 2018 τόν
270 1954 329 2039 τῆς
349 1949 475 2041 μητρός
496 1951 616 2037 κλῆρον
639 1948 802 2036 λήψομαι,
824 1951 1000 2016 καὶταῦτα
1021 1949 1105 2038 μηδὲ
1128 1947 1265 2032 ἐχόντων

138 2052 317 2123 Ἃτούτων
340 2050 525 2139 ἐπενεγκεῖν
547 2043 631 2138 παρ’
657 2043 736 2116 ὅταν
764 2045 846 2117 ποτ’
872 2050 1040 2140 εἰλήφασι.
1084 2057 1198 2119 καίτοι
1219 2051 1266 2118 δί-

190 2180 295 2236 καιον,
319 2140 346 2220 ιύ
370 2149 497 2240 ἄνδρες,
520 2144 635 2237 ὥσπερ
656 2154 724 2218 τῶν
741 2145 1044 2243 άμφισβητησίμων
1063 2159 1199 2242 χωρίων
1219 2153 1267 2220 δεῖ

190 2254 248 2322 τόν
272 2244 430 2340 ἐχονταῆ
457 2243 605 2343 θέτηνῆ
635 2257 791 2343 πρατῆρα
812 2260 1025 2342 παρέχεσθαι
1050 2244 1072 2343 ἢ
1094 2255 1267 2322 καταδεδι-

190 2360 354 2441 κασμένον
377 2359 575 2445 φαίνεσθαι,
598 2348 685 2421 ούτω
700 2359 755 2423 καί
770 2355 908 2434 τούτους
928 2349 1012 2422 καθ’
1032 2356 1067 2424 ἐν
1081 2383 1123 2424 τι
1144 2357 1266 2424 τούτων

190 2451 433 2548 άπαφήναντας
457 2450 565 2524 αύτῶν
588 2450 702 2536 άξιούν
725 2455 994 2540 ἐπιδικάζεσθαι,
1017 2457 1062 2547 μὴ
1085 2458 1153 2548 πρὸ
1179 2461 1267 2549 δίκης

189 2558 249 2648 τὴν
271 2553 489 2650 Ἀριστάρχου
511 2563 697 2648 θυγατέρα,
729 2557 790 2679 ἐμη
833 2559 869 2627 δέ
890 2566 1031 2650 μητέρα,
1055 2558 1091 2627 ἐκ
1111 2564 1180 2629 τῶν
1202 2585 1267 2628 πα·

138 2681 176 2740 25
191 2661 308 2751 τρηίων
331 2660 511 2749 ἐκβάλλειν.
556 2654 641 2727 όιλλδι
662 2659 740 2747 γάρ,
764 2686 790 2726 ω
815 2656 946 2750 άνδρες,
977 2655 1035 2746 οὐχ
1062 2663 1178 2731 ἱκανόν
1199 2662 1268 2731 ἐστι

190 2767 377 2850 Ξεναινέτην
399 2762 458 2831 τόν
479 2757 734 2848 Ἀριστομένους
756 2758 847 2831 οἶκον
874 2765 1268 2856 καταπεπαιδεραστηκέ-

192 2881 257 2948 ναι,
288 2858 373 2931 άλλδι
395 2867 451 2932 καὶ
473 2868 592 2932 τοῦτον
615 2865 724 2932 σ’ίεται
745 2865 815 2933 δεῖν
835 2864 894 2934 τδν
921 2859 1175 2955 αὐτὸντρόπον
1197 2868 1268 2934 δια·

192 2973 317 3036 θεῖναι.
356 2964 418 3053 ἐγώ
435 2959 482 3047 δ’,
499 2951 525 3031 ὦ
543 2961 660 3054 ἄνδρες
675 2966 840 3055 δικασταί,
854 2973 1013 3056 βραχείας
1028 2960 1147 3046 ούσίας
1161 2965 1268 3056 ὕπαρ·

193 3069 295 3159 ξάσης
317 3061 467 3157 ἀδελφὰς
487 3067 548 3153 μὲν
571 3067 723 3150 ἐξέδωκα,
746 3061 811 3136 όσα
833 3068 997 3158 ἐδυνάμην
1021 3067 1170 3151 ἐπιδούς,
1192 3069 1268 3138 κόσ-

191 3196 269 3256 μιον
293 3163 325 3236 δ’
352 3167 495 3255 ἐμαυτὸν
512 3175 679 3258 ’παρέχων
704 3172 760 3238 καὶ
783 3174 894 3239 ποιων
921 3169 966 3237 τὰ
992 3171 1269 3259 προσταττόμενα

192 3276 247 3340 καί
275 3271 336 3350 τὰς
365 3277 542 3361 στρατείας
571 3271 832 3360 στρατευόμενος
860 3266 945 3351 ἄξιοί
972 3277 1038 3339 τῶν
1065 3277 1125 3362 τῆς
1146 3271 1269 3364 μητρὸς

140 3390 177 3448 26
193 3373 360 3464 πατρῴων
388 3373 434 3463 μὴ
463 3367 749 3463 άποστερηθῆναι.
801 3367 963 3453 ἀπέδειξα
992 3368 1025 3440 δ’
1050 3371 1130 3460 ύμῖν
1152 3382 1269 3464 Κορω-

259 3578 305 3634 22.
324 3581 339 3632 3
358 3575 449 3632 έλλυυν
467 3594 513 3646 γε,
532 3594 595 3632 corr.
611 3583 621 3632 1
643 3607 675 3617 -
693 3580 709 3630 9
726 3571 763 3631 ἂν
779 3578 836 3632 εδδ.
849 3577 921 3631 Τσιι.
991 3575 1037 3633 28.
1056 3582 1071 3632 2
1089 3575 1208 3653 ὑμέτερα
1224 3595 1269 3648 χιι,

193 3680 256 3717 corr.
277 3668 288 3717 1
308 3691 342 3702 -
360 3667 377 3717 4
395 3658 428 3729 δὴ
445 3667 492 3714 καὶ
516 3657 553 3715 οδε
570 3662 602 3715 de
620 3677 687 3729 meo,
710 3664 757 3714 καὶ
775 3657 812 3714 ιύε
829 3662 944 3732 Sauppe:
970 3659 1084 3718 δικαίως
1101 3680 1149 3733 pr„
1170 3664 1196 3716 εἰ
1212 3667 1269 3717 ante

192 3743 244 3801 δικ.
262 3762 284 3800 ε.
296 3763 321 3800 v.
333 3745 417 3800 εδδί
435 3777 469 3786 -
487 3751 502 3802 5
519 3746 571 3819 γὰρ
589 3762 610 3802 s.
628 3763 654 3801 v.
674 3751 685 3800 1
705 3776 739 3786 -
756 3742 792 3800 ἂν
810 3747 867 3801 add.
885 3746 933 3802 Bk.
951 3777 984 3786 -
1002 3751 1055 3801 &9
1074 3749 1102 3803 11.
1123 3743 1165 3802 ὢν
1182 3742 1269 3822 κύριαι

192 3860 225 3872 -
243 3835 419 3904 γεγενημένοι
435 3849 482 3900 pn,
499 3853 517 3885 ν
534 3836 594 3901 post
610 3851 690 3904 γεγεν
707 3848 728 3885 ε.
746 3847 771 3885 υ.
790 3835 805 3885 2
823 3861 857 3872 -
876 3835 905 3886 11
925 3833 1026 3887 τοῦτον
1043 3848 1090 3900 pr„
1108 3849 1173 3888 corr.
1193 3838 1217 3889 2.

191 3913 266 3973 24.2
283 3910 518 3985 ἀμφισβητήσεων
535 3947 569 3956 -
588 3920 603 3971 3
622 3917 777 3989 πρακτῇραε
793 3933 842 3972 em.
856 3917 945 3986 δίεχε.
963 3947 997 3956 -·
1015 3923 1030 3973 5
1049 3913 1146 3973 αὐτῶν
1158 3918 1268 3989 Sauppe,

193 3997 276 4055 αύτσῦ
294 4000 426 4057 Schoem.:
445 3996 531 4055 αύτδν
586 3999 660 4058 25.6
678 3996 705 4053 δ’
721 4001 796 4056 θείω
814 3995 843 4056 τ’
855 4030 891 4042 -
908 4000 1087 4075 πραττόμενα
1104 4019 1152 4072 pr„
1170 4021 1235 4059 corr.
1246 4007 1268 4059 2.
