2626 4476
423 975 603 1058 ΓΕΝΟΣ
628 973 832 1055 ΙΣΑΙΟΥ.

556 1152 706 1162 .----

174 1279 333 1362 Ἰσαῖοςδ
365 1281 475 1370 ῥήτωρ
504 1281 630 1368 ἐγένετο
657 1279 742 1347 κατὰ
770 1284 831 1363 μέν
859 1304 953 1357 τινας
970 1271 1167 1368 Ἀθηναῖος,

91 1387 175 1455 κατὰ
199 1387 236 1453 δέ
256 1408 350 1462 τινας
373 1382 576 1463 Χαλκιδεύς,
599 1372 729 1462 πατρὸς
753 1381 789 1448 δέ
810 1380 990 1470 Διαγόρου,
1013 1379 1170 1469 μαθητὴς

93 1491 129 1556 δὲ
143 1483 352 1575 Ἰσοκράτους
373 1489 433 1552 τοῦ
457 1484 604 1574 ῥήτορος,
627 1481 828 1560 διδάσκαλος
851 1483 887 1548 δὲ
909 1487 1168 1571 Δημοσθένους·
1263 1501 1265 1505 ’

92 1585 223 1678 ἤκμασε
245 1588 281 1653 δέ
303 1586 388 1672 μετὰ
410 1585 469 1653 τδν
491 1582 809 1673 Πελοποννησιακὸν
839 1582 1003 1668 πόλεμον,
1029 1585 1084 1650 καὶ
1109 1580 1170 1650 έπ-

96 1695 177 1776 εβίω
199 1694 295 1777 μέχρι
315 1692 376 1776 τῆς
401 1690 579 1756 Φιλίππου
609 1679 725 1774 ἀρχῆς,
757 1679 803 1764 ὥς
831 1709 916 1775 φησι
944 1677 1125 1763 Διονύσιος
1154 1679 1201 1752 δέ

89 1788 346 1878 Ἁλικαρνασεὺς
369 1785 386 1857 δ
410 1787 565 1879 κριτικός.
611 1789 741 1874 λέγεται
771 1788 807 1853 δὲ
834 1786 1006 1874 μειράκιον
1034 1787 1095 1871 μὲν
1124 1776 1170 1853 ὢν

93 1890 230 1983 ἡδοναῖς
253 1891 424 1975 σχολάζειν
444 1893 502 1958 καὶ
524 1889 659 1972 πότοις,
684 1892 742 1958 καὶ
764 1890 888 1977 λεπτῆς
910 1886 1055 1976 ἐσθῆτος
1078 1883 1171 1955 ἀντι-

95 2000 277 2063 ποιεῖσθαι
297 1996 354 2060 καὶ
376 1995 519 2075 συνεχῶς
541 1989 629 2078 ἐρᾶν,
653 1985 735 2080 ἀνὴρ
758 1990 795 2057 δέ
816 1989 990 2076 γενόμενος
1010 1992 1172 2056 τοσοῦτον

95 2097 375 2184 μεταβεβληκέναι
396 2091 456 2180 τὴν
478 2095 655 2160 πολιτείαν
672 2085 762 2159 ὥσθ’
789 2091 901 2178 ἕτερον
925 2091 961 2171 ἐξ
981 2091 1094 2180 ἑτέρου
1117 2092 1172 2158 δο-

97 2211 176 2264 κεῖν.
211 2191 349 2283 Ἄρδυος
376 2198 453 2281 γοῦν
483 2192 710 2284 ἐρωτήσαντος
737 2188 838 2262 αὐτὸν
867 2193 897 2261 εί
924 2189 944 2282 ἡ
969 2195 1062 2261 δεῖνα
1089 2191 1171 2280 καλὴ
1196 2207 1223 2258 1ο

98 2293 191 2384 αὐτῷ
213 2303 381 2386 φαίνεται,
409 2298 540 2382 λέγεται
563 2289 774 2379 είπεῖν.,,οδκ
796 2292 890 2362 οίδα·
918 2294 997 2373 τούς
1017 2294 1080 2383 γὰρ
1102 2320 1173 2362 τοι·

98 2399 215 2476 ούτους
249 2392 426 2487 ἀφῃρέθην
460 2390 692 2485 δφθαλμούς.”
747 2400 853 2463 ταῦτα
882 2397 919 2462 δέ
948 2421 1033 2487 φησι
1068 2396 1174 2465 Φιλό-

99 2524 240 2588 στρατος
269 2498 303 2566 ἒν
330 2514 402 2578 τοῖς
430 2506 520 2584 βίοις
547 2502 614 2565 τῶν
645 2502 832 2588 σοφιστῶν,
866 2492 903 2564 οὗ
932 2499 1068 2579 πάντως
1094 2502 1175 2587 περὶ

97 2601 217 2668 τούτου
246 2603 349 2688 λέγων
367 2596 507 2669 Ἰσαίου·
538 2594 653 2685 ἆμέλει
681 2604 758 2687 γοῦν
786 2603 843 2676 καὶ
864 2593 1044 2686 Ἀσσύριον
1074 2593 1174 2667 αὐτὸν

98 2704 202 2770 καλεῖ.
247 2697 370 2791 δίδηλος
402 2704 438 2769 δέ
461 2698 478 2769 δ
505 2696 643 2791 ἀκριβὴς
670 2706 729 2769 τοῦ
751 2701 904 2770 θανάτου
928 2696 1030 2769 αὐτοῦ
1048 2701 1175 2789 χρόνος.
1199 2714 1227 2764 15

96 2809 288 2893 χαρακτῆρα
311 2805 348 2872 δέ
370 2803 429 2872 τδν
451 2808 586 2870 Λυσίου
609 2802 698 2870 πάνυ
722 2797 865 2890 ἀκριβῶς
888 2803 1065 2893 ἐζήλωσεν,
1089 2798 1176 2871 ὥστε

99 2907 184 2997 μηδὲ
213 2906 329 2996 ῥᾴδιον
359 2903 446 2974 εἶναι
475 2905 596 2973 διελεῖν
625 2903 703 2983 τοὺς
732 2904 858 2991 λόχους.
904 2904 977 2973 έστι
1003 2906 1038 2971 δέ
1061 2899 1176 2986 αὐτοῖς

99 3005 120 3097 ἦ
142 3014 301 3076 κοινωνία
322 3007 407 3074 κατά
429 3031 466 3072 τε
488 3005 547 3094 τὴν
571 3005 658 3085 λέξιν
685 3005 806 3072 καὶτὰ
829 3005 1062 3096 ἐνθυμήματα,
1091 3004 1175 3073 κατὰ

100 3112 161 3195 μέν
188 3109 248 3199 τὴν
277 3109 365 3187 λέξιν
394 3101 447 3175 ὅτι
468 3104 488 3195 ἡ
512 3108 573 3192 μὲν
593 3112 728 3174 Λυσίου
752 3106 825 3176 ἐστὶ
845 3107 982 3195 καθαρὰ
1004 3112 1061 3176 καὶ
1083 3101 1176 3194 ἄκρι-

100 3210 163 3298 βὴς
183 3214 238 3277 καί
270 3208 382 3299 σαφὴς
410 3211 466 3276 καί
496 3214 593 3294 κυρία
620 3211 677 3277 καὶ
706 3207 884 3294 σύντομος,
915 3208 1002 3278 ’έοικε
1034 3210 1070 3276 δὲ
1090 3207 1176 3276 κατὰ
1199 3223 1228 3274 10

101 3317 207 3379 ταῦτα
229 3311 342 3379 πάντα
363 3306 384 3398 ἡ
403 3303 527 3377 Ἰσαίου
553 3309 679 3394 σχεδόν.
724 3311 878 3400 διαφέρει
900 3311 936 3378 δὲ
958 3305 1011 3379 ὅτι
1032 3314 1084 3397 (τῇ
1105 3311 1177 3394 μὲν)

112 3501 113 3505 ’
197 3504 213 3553 4
236 3497 305 3566 μετὰ
327 3498 411 3550 Turn:
427 3493 506 3549 ,κατὰ
530 3527 563 3538 ·-
586 3497 834 3567 πελοποίνησιακδν
855 3500 878 3552 A
900 3529 933 3538 —
955 3494 1065 3567 ἆπεβίαν
1088 3500 1109 3551 A
1132 3515 1179 3567 pr„

103 3599 167 3638 corr.
188 3589 200 3637 1
220 3613 255 3623 -
277 3587 292 3636 9
309 3579 362 3649 τὴν
383 3585 508 3649 βιοτείαν
525 3581 637 3650 Spengel
654 3614 689 3622 —
706 3577 777 3638 ὥστ’
797 3585 820 3637 A
838 3601 884 3653 pr„
908 3601 971 3638 corr.
992 3588 1004 3638 1
1026 3613 1058 3622 -
1088 3587 1117 3638 10
1135 3577 1180 3653 ἄρ

104 3663 165 3721 δυοε
175 3668 234 3725 Ald.
247 3672 273 3720 et
291 3667 461 3720 Philostratus
478 3667 526 3721 νίί.
544 3669 618 3736 soph.
635 3672 657 3736 1,
668 3672 713 3723 20:
732 3664 821 3721 λιδίοε
832 3669 864 3736 A,
880 3663 1007 3730 λυδῦυεί)
1026 3699 1061 3708 -
1080 3671 1110 3723 13
1123 3670 1180 3720 τοῖς

103 3756 173 3820 βίοιο
190 3752 260 3807 AIA:
285 3752 327 3805 τῶ
351 3757 406 3819 βίον
424 3751 454 3818 0,
473 3794 480 3808 .
499 3793 506 3809 .
523 3793 531 3808 .
548 3755 602 3818 βίον
621 3753 644 3805 A
661 3770 708 3822 pr„
731 3755 773 3806 τῶ
797 3755 824 3808 in
847 3770 895 3810 ras.
916 3758 928 3808 l
954 3784 986 3793 -
1012 3759 1043 3810 16
1061 3747 1182 3824 ἀκριβῶς

105 3851 155 3888 om.
173 3837 196 3889 A
213 3865 247 3876 -
267 3839 297 3891 18
315 3837 471 3890 κοινωνίΑ
490 3852 536 3903 μυ,
554 3840 643 3890 corni
665 3866 698 3876 —
718 3842 748 3893 19
765 3841 817 3906 μὲν
835 3836 921 3907 ροεῑὴ
935 3840 1020 3892 om.A
1042 3869 1074 3877 -
1093 3841 1123 3892 11
1143 3839 1177 3909 τῇ

104 3921 156 3986 μὲν
174 3920 316 3978 adATurr.

157 4013 238 4057 Imus.
990 4009 1012 4059 Χ
