2626 4476
58 240 94 285 or.
108 242 127 284 1,
326 221 403 276 ΠΕΡΙ
420 221 485 274 ΤΟΥ
502 219 633 275 ΚΛΕΩΝΥ
634 221 705 275 Mor
721 219 860 275 ΚΛΗΡΟΥ.
1096 214 1135 277 13

61 386 387 482 ἀμφισβητουμένας
434 384 540 477 [οὗτοι
567 388 660 513 γάρ
657 388 695 457 τὸ
728 382 855 457 ἀνελεῖν
885 382 988 467 αύτδις
1011 387 1135 455 ἐκείνου

59 497 263 579 βουλομένου
279 492 504 578 διεκώλυσαν]
527 485 617 559 ώσθ
642 487 730 575 ύμῖν,
754 517 780 557 ω
765 477 930 578 ἀνδρες,
954 488 1042 557 πολυ
1057 488 1135 555 καλ
1150 497 1188 556 48

62 593 172 663 λιύνέ
174 617 228 663 στι
248 600 477 684 ψηφίσασθαι
497 592 582 660 κατὰ
604 592 642 661 τδ
666 591 809 680 γένος
774 619 812 660 το
829 585 913 679 παρ’
938 585 1137 679 ἀμφοτέρων

59 692 153 783 ήμών
175 692 440 782 ὁμολογούμενον
462 685 632 781 μᾶλλον
610 723 630 783 η
654 693 738 762 κατὰ
760 692 821 774 τάς
836 693 1061 782 διαθήκας
1023 719 1085 773 τας
1099 687 1137 761 ού

61 796 199 875 δικαίως
228 802 454 886 γεγενημένας
502 794 589 884 πρὸς
621 797 657 863 δέ
677 796 810 875 τούτοις
840 789 1104 886 ένδυμήθητε”
1085 821 1139 863 οτι

61 893 165 978 αύτάς
187 899 283 967 έλυσε
308 900 369 984 μέν
391 898 591 984 Κλεώνυμος
613 883 647 965 εύ
671 924 814 987 φρονων,
838 899 973 965 διέθετο
996 891 1062 966 δὲ
1048 922 1139 985 οργι-

61 1005 161 1080 σθεὶς
182 1005 236 1068 καὶ
260 995 318 1069 ούκ
340 995 453 1090 ύρθώς
474 1000 727 1086 βουλευόμενος
756 994 842 1068 ώστε
864 1000 1001 1067 πάντων
1023 989 1064 1067 ἀν
1087 999 1137 1088 εἴη

61 1103 317 1184 δεινότατον,’
287 1128 317 1171 ει
339 1107 539 1191 κυριωτέραν
563 1096 664 1169 αύτοῦ
686 1102 746 1190 τήν
768 1096 868 1190 ἀργὴν
890 1091 987 1189 ήτήν
1009 1099 1139 1168 ἐ’ννοιαν

61 1205 231 1295 ποιήσετε.
1145 1214 1151 1231 “

141 1304 247 1392 Οἶμαι
275 1300 308 1373 δ’
340 1303 427 1391 ύμᾶς
455 1308 512 1394 καὶ
541 1306 721 1392 λαμβάνειν
749 1305 843 1393 παρὰ
871 1306 997 1373 τούτων
1026 1298 1191 1385 ἀξιούνέλ

61 1412 115 1476 καὶ
139 1408 183 1497 μή
206 1408 425 1496 τυγχάνοντας
447 1402 658 1496 ἀγανακτεῖν,
685 1408 735 1486 οἷς
758 1398 798 1476 ἀν
820 1404 951 1497 ύπάρχη
974 1411 1032 1476 καὶ
1053 1401 1136 1497 παρ’
1234 1447 1236 1450 <

60 1509 154 1597 ύμών
175 1516 242 1578 τών
265 1505 373 1578 αύτών
395 1525 513 1594 τυχεῖν.
559 1511 588 1578 εἰ
610 1518 721 1578 τοίνυν
737 1516 855 1600 συνέβη
871 1511 1062 1598 Κλεωνύμῳ
1080 1510 1141 1594 μὲν

63 1614 135 1702 ζήν,
159 1612 412 1701 ἐξερημωθῆναι
435 1613 472 1678 δὲ
493 1610 551 1679 τὸν
572 1609 732 1701 ήμέτερον
762 1609 852 1680 οἶκον
879 1602 901 1700 ἢ
923 1611 982 1680 τὸν
1004 1611 1141 1694 τούτων,

48 1721 242 1803 σκέψασθε
264 1720 417 1804 ποτέρων
445 1714 568 1793 ἐκεῖνος
597 1713 742 1802 ἐγίγνετο
770 1714 989 1803 κληρονόμος·
1013 1715 1141 1782 δίκαιον

62 1818 125 1904 γάρ
156 1817 228 1885 έστι
255 1817 394 1894 τούτους
423 1816 508 1900 ’ἐχειν
533 1815 576 1883 τά
606 1815 748 1899 ἐκείνου,
782 1810 867 1904 παρ’
900 1810 946 1884 ών
978 1809 1141 1906 ἀφείλετο

62 1923 118 1987 καὶ
142 1922 256 2005 λαβεῖν
280 1913 379 2006 αύτῷ.
426 1919 455 1986 εἰ
473 1921 534 2004 μέν
549 1926 660 1987 τοίνυν
677 1925 854 2005 Φερένικος
868 1911 889 2007 ή
903 1924 970 1987 τών
986 1913 1141 2008 ἀδελφῶν
1156 1925 1192 1981 45

62 2047 115 2101 τις
137 2021 356 2110 ἐτελεύτησεν,
380 2023 413 2089 οἱ
436 2023 557 2100 παῖδες
579 2023 612 2089 οἱ
626 2022 762 2104 τούτων,
786 2015 844 2089 ούκ
859 2021 982 2100 ἐκεῖνος
997 2020 1141 2108 ἐγίγνετο

62 2123 175 2210 κύριος
196 2149 262 2190 των
282 2125 595 2212 καταλειφθέντων·
624 2121 718 2212 ήμών
747 2124 783 2191 δέ
805 2124 942 2212 τοιαύτη
964 2123 1043 2211 τύχη
1062 2148 1142 2211 χρη·

64 2229 218 2309 σαμένων
240 2221 482 2310 Κλεώνυμος”
462 2225 622 2293 απάντων
645 2224 788 2312 ἐγίγνετο
810 2225 1022 2316 κληρονόμος
1067 2220 1143 2293 ούτε

64 2325 129 2453 γὰρ
150 2322 313 2404 παῖδεςί
293 2340 373 2414 ημῖν
394 2325 480 2415 ήσαν
502 2321 571 2394 οὔτ’
598 2322 695 2396 ἀλλοι
718 2342 896 2446 συγγενεῖς,
920 2322 993 2396 ἀλλ
1021 2327 1144 2408 ἐκεῖνος

64 2431 121 2495 καὶ
149 2433 236 2515 γένει
265 2427 443 2517 προσήκων
472 2427 637 2516 ἐγγυτάτω
665 2433 720 2497 καὶ
749 2456 789 2518 τη
815 2437 912 2519 χρείᾳ
941 2430 1078 2498 πάντων
1104 2416 1144 2517 ἦν
1206 2518 1208 2521 v

65 2529 287 2609 οικειάτατος·
312 2524 399 2598 ὥστε
418 2529 475 2599 διά
489 2535 596 2598 ταύτα
610 2533 666 2598 καλ
683 2531 767 2598 οῖ’
731 2557 829 2615 νομοι
844 2531 1028 2599 δεδώκασιν
1043 2525 1143 2617 αύτῷ,
1159 2544 1197 2600 46

65 2636 122 2701 καὶ
149 2629 246 2719 ἡμεῖς
273 2625 392 2699 ούδένα
420 2627 520 2700 ἀλλον
547 2627 738 2721 ἠξιώσαμεν
765 2627 887 2721 ταύτης
919 2636 978 2721 τῆς
1008 2633 1144 2721 δωρεάς.

66 2729 107 2803 ού
129 2732 191 2821 γὰρ
215 2734 322 2822 δήπου
351 2734 469 2814 ζα”ντες
496 2736 556 2819 μὲν
586 2728 692 2815 ούτως
720 2726 761 2803 ἀν
791 2735 1032 2825 ένεχειρέσαμεν
1056 2728 1146 2822 αύτῷ

65 2836 128 2958 τήν
158 2829 291 2918 οὐσίαν,
321 2829 408 2904 ιῖἷστε
435 2839 515 2926 περὶ
544 2841 611 2904 τών
640 2834 809 2927 ήμετέρων
836 2843 1039 2960 κυριωτέραν
1061 2835 1147 2908 εῖναι

65 2937 127 3026 τὴν
150 2936 216 3006 ἐκεῖ
204 2945 274 3006 ῖνου
298 2937 452 3006 διάνοιαν
473 2942 532 3026 τῆς
553 2933 769 3028 ήμετέρας
731 2944 849 3023 αυτών,
873 2934 1147 3029 ἀποθνήσκοντες

68 3041 105 3107 δέ
128 3036 249 3120 ἀλλους
270 3024 486 3130 κληρονομεῖν
508 3039 738 3164 έβουλήθημεν
765 3035 874 3110 αύτών
895 3033 1065 3128 μᾶλλον
1044 3071 1064 3132 η
1087 3043 1146 3111 τὸν

67 3142 205 3210 πάντων
228 3141 443 3210 οἰκειότατον.
488 3136 579 3210 ώσδ
610 3139 699 3312 ήμᾶς
726 3144 786 3228 μέν
814 3143 848 3212 έν
871 3139 1091 3272 ἀμφοτέροις,
1118 3131 1145 3213 ώ
1162 3157 1197 3212 4ῖ

69 3239 198 3333 ἀνδρες,
219 3246 276 3311 καλ
300 3241 334 3311 έν
356 3271 403 3331 τῳ
390 3244 544 3313 δοῦναι
565 3247 622 3311 καλ
645 3244 741 3331 έντφ
728 3247 924 3331 λαβεῖν’
891 3254 975 3314 οικεέ
976 3273 1033 3328 ους
1048 3242 1147 3327 ὄντας
1258 3299 1261 3311 ,

141 3467 203 3534 ῖεη.
222 3465 301 3532 gloss.
319 3464 369 3518 δεῖ
387 3464 446 3518 Dbr.
519 3464 566 3521 48.
586 3471 598 3520 1
619 3460 690 3520 ὥστ’
712 3467 798 3536 Αρι,
817 3483 880 3520 corr.
902 3472 912 3521 1
938 3498 972 3507 -
994 3465 1059 3536 ἡμῖν
1074 3469 1097 3520 A
1115 3498 1148 3506 -

70 3545 314 3619 δβεβουλευμένεε
332 3549 353 3610 Q
371 3579 405 3588 -
423 3553 437 3601 Ἰ
456 3552 567 3603 ἔννοιαν
584 3551 682 3620 Hitzig:
707 3547 838 3606 διάνοιαν.
919 3552 964 3607 44.
983 3556 997 3604 5
1017 3551 1147 3623 πύτερονι

70 3648 120 3686 em.
132 3630 184 3686 Mai
195 3662 228 3673 -
241 3635 349 3704 ἐγένετο
361 3633 390 3695 0.
459 3635 505 3691 45,
526 3639 538 3688 1
558 3633 627 3702 ἧτιε
638 3636 698 3690 τῶν
707 3631 867 3708 ’άδελφῶνθ
886 3667 920 3678 -
938 3640 953 3690 2
972 3633 1115 3706 ούΙίιεῖνοε
1126 3639 1149 3690 A

70 3747 105 3759 ·-
123 3723 139 3771 4
157 3720 264 3790 ἐγένετο
276 3720 354 3787 Δρα,
372 3734 436 3772 corr.
454 3723 476 3772 1.
544 3720 589 3776 46.
608 3724 624 3774 2
641 3715 732 3774 οὐδέν’
746 3716 782 3774 ἂν
793 3721 840 3775 Bk.
858 3752 893 3763 -
911 3725 925 3775 3
945 3719 1149 3793 ἐνεχειρήσαμεν

70 3804 93 3855 A
113 3819 151 3872 pr.
170 3803 190 3865 Ο
214 3833 247 3843 -
265 3808 281 3858 4
300 3799 397 3857 οὐσίαν
414 3805 450 3869 Α,
475 3804 568 3865 αἰτίαν
585 3803 637 3858 Μελ
654 3834 687 3845 -
711 3810 727 3860 6
746 3803 937 3877 κληρονόμουτι
957 3823 1004 3862 em.
1023 3807 1071 3860 Bk.

69 3887 114 3942 47.
134 3891 146 3942 1
165 3886 235 3956 ὑμᾶς
250 3890 273 3941 Α
295 3906 342 3957 pr.,
360 3905 424 3943 corr.
445 3895 455 3942 1
476 3919 510 3928 —
527 3890 558 3941 έν
575 3884 736 3961 ἀμφοτέροιιν
753 3907 803 3944 om.
822 3890 843 3952 Ο
861 3921 896 3930 -
916 3894 932 3944 2
950 3887 1046 3962 ἄνδρες
1063 3891 1149 3946 Turn:

69 3965 207 4037 ἀθηναῖοι
