2626 4476
149 121 210 181 110
629 124 737 178 ΙΣΛΙΟΥ
1157 138 1223 181 οτι.

148 293 376 382 ἐπιδημοῦντα
404 292 606 380 ἐγίγνωσκεν,
635 293 791 372 καὶτοὺς
814 289 950 379 ἄλλους,
981 285 1050 377 ὅτῳ
1078 316 1145 379 περ
1168 291 1223 376 έμε

146 402 250 483 βραχυ
265 392 340 483 ήδει
353 389 555 484 Ἀστύφιλον
566 394 746 480 χριόμενον.
780 397 928 462 κωλῦσαι
948 395 1008 478 μὲν
1029 391 1093 480 γδιρ
1117 385 1224 470 οὐδεὶς

149 489 214 584 [ἂν]
232 491 333 565 αύτδν
349 496 496 579 ἐδύνατο,
512 490 580 584 ότφ
596 495 759 581 ἐβούλετο,
777 498 894 563 δοῦναι
907 495 950 562 τὰ
965 494 1101 561 ἑαυτοῦ·
1117 492 1223 580 τούτῳ

149 593 180 666 δ’
208 590 247 666 δν
269 599 394 687 μεγάλη
417 604 582 686 μαρτυρία
601 586 652 686 ἦν,
675 591 729 665 ότι
751 593 789 665 ού
813 598 928 687 λόθρηι
949 600 1054 664 ταῦτα
1076 596 1222 662 διέθετο.

94 715 130 770 12
148 701 198 768 έτι
222 689 317 783 δ’,ὦ
349 697 481 788 ἄνδρες,
512 700 542 766 εί
568 702 629 785 μὲν
651 696 668 768 ό
692 695 893 788 Ἀστύφιλος
921 699 1047 787 μηδένα
1070 696 1222 783 ἐβούλετο

147 802 272 870 εἰδέναι
296 796 350 870 ότι
371 803 430 870 τὸν
445 805 600 879 Κλέωνος
621 801 695 870 υίδν
711 801 859 869 ἐποιεῖτο
881 794 962 888 μηδ’
981 792 1035 867 ότι
1058 798 1221 886 διαθήκας

144 907 343 986 καταλίποι,
373 903 460 982 είκδς
486 891 526 992 ήν
554 905 638 993 μηδὲ
661 900 763 972 ἄλλον
784 904 910 993 μηδένα
937 900 1170 990 ἐγγεγράφθαι
1190 898 1221 966 έν

145 1012 193 1094 τῷ
214 1011 430 1093 γραμματείῳ
452 1005 620 1094 μάρτυρα·
649 1007 679 1073 εί
702 1000 733 1073 δ’
760 1005 908 1073 ἐναντίον
936 1003 1116 1091 μαρτύρων
1143 1007 1220 1092 φοί·

146 1135 239 1176 νεται
261 1109 477 1194 διαθέμενος,
507 1109 634 1177 τούτων
657 1109 693 1175 δὲ
715 1108 760 1197 μή
783 1113 850 1175 τῶν
872 1107 1019 1193 μάλιστα
1044 1111 1219 1194 χρωμένων

146 1204 231 1277 ἀλλὰ
253 1215 320 1278 τῶν
343 1210 550 1294 ἐντυχόντων,
574 1215 649 1289 πῶς
671 1211 758 1290 εἰκός
781 1210 870 1279 ἐστιν
893 1205 1034 1297 ἀληθεῖς
1057 1206 1145 1277 εἶναι
1163 1207 1218 1287 τὰς

93 1321 129 1378 13
147 1312 330 1402 διαθήκας,·
353 1308 390 1381 ού
412 1313 474 1401 γδρ
489 1311 633 1402 ήγοῦμαι
647 1314 748 1401 έγωγε
764 1308 892 1389 ούδένα,
915 1311 989 1380 υἱόν
1010 1312 1122 1398 ἑαυτῷ
1144 1337 1218 1378 ποι·

145 1416 293 1501 σύμενον,
317 1420 482 1505 τολμήσαι
504 1413 625 1495 ἄλλους
646 1416 741 1495 τινὰς
755 1418 989 1506 παρακαλέσαι
1008 1405 1031 1502 ή
1051 1410 1218 1499 Ιτοότους,

145 1515 197 1596 οίς
217 1544 282 1607 περ
304 1522 361 1585 καί
383 1520 481 1605 ἱερῶν
502 1522 559 1584 καὶ
581 1514 685 1584 ὁσίων
699 1517 858 1585 κοινωνὸν
874 1511 954 1585 ἄνθ’
975 1513 1077 1584 αὑτοῦ
1100 1514 1217 1595 είςτόν

146 1619 264 1686 ’ἔπειτα
282 1615 402 1706 χρόνον
417 1619 533 1703 έμελλε
547 1621 754 1687 καταλιπεῖν.
799 1616 885 1687 ἀλλὰ
907 1617 973 1706 μὴν
995 1613 1068 1685 οὐδ’
1088 1619 1217 1702 αίσχυν-

144 1724 251 1809 θῆναι
273 1716 383 1789 ούδενὶ
404 1721 568 1810 προσήκει
582 1721 641 1788 ἐπὶ
663 1722 835 1800 τοιαύταις
858 1720 1039 1810 διαθήκαις
1054 1717 1102 1798 ὥς
1123 1723 1216 1788 πλεί-

109 1843 115 1853 “
145 1845 244 1900 στους
257 1822 428 1910 μάρτυρας
442 1828 689 1910 παρίστασθαι,
713 1823 816 1907 νόμου
837 1848 874 1910 γε
896 1818 992 1900 όντος
1014 1821 1141 1900 ἐξεῖναι
1152 1814 1216 1908 ότηι

142 1929 299 2015 βούλοιτο
323 1928 440 1994 δοῦναι
461 1924 503 1991 τὰ
526 1925 656 1991 ἑαυτοῦ.

91 2037 128 2090 14
231 2033 415 2112 Σκέψασθε
438 2027 483 2108 δέ,
506 2013 533 2092 τό
557 2022 683 2113 ἄνδρες,
706 2029 763 2094 καί
785 2026 820 2094 ἐκ
840 2031 901 2094 τοῦ
919 2028 1039 2115 χρόνου
1066 2027 1105 2095 ὃν
1128 2021 1215 2094 οὗτοι

144 2134 276 2218 λέγουσι
298 2132 466 2215 περὶτῶν
489 2129 671 2217 διαθηκῶν.
716 2121 772 2195 ότε
793 2127 855 2214 γὰρ
878 2128 927 2207 εἰς
949 2129 1147 2220 Μυτιλήνην
1169 2127 1216 2207 ἐξ·

144 2236 240 2300 έπλει
263 2230 531 2320 στρατευόμενος,
551 2230 628 2298 τότε
651 2234 755 2321 φασὶν
772 2225 873 2298 αύτδν
888 2235 992 2299 ταῦτα
1008 2233 1215 2300 διαθέσθαι·

144 2343 302 2425 φαίνεται
325 2334 361 2400 δὲ
383 2329 400 2400 ό
423 2326 625 2422 Ἀστύφιλος
651 2337 700 2420 τῷ
721 2332 847 2399 τούτων
876 2333 962 2421 λόγῳ
992 2331 1034 2400 τδι
1056 2336 1216 2419 μέλλοντα

144 2433 278 2507 όπαντα
306 2436 449 2504 ἐ’σεσθαι
477 2436 654 2525 προειδώς.
704 2439 840 2521 πρῶτον
869 2437 930 2521 μὲν
957 2435 1020 2525 γὰρ
1043 2436 1217 2526 ἐστρατεύ-

144 2565 225 2608 σατο
250 2541 297 2618 εἰς
312 2538 493 2626 Κόρινθον,
517 2537 636 2605 ἐ’πειτα
658 2537 706 2615 είς
723 2540 918 2616 Θετταλίαν,
941 2538 992 2606 έτι
1014 2539 1050 2605 δὲ
1072 2539 1133 2607 τόν
1151 2545 1217 2629 Θη·

141 2642 259 2727 βαῖκδν
281 2641 432 2724 πόλεμον
448 2632 592 2720 ἅπαντα,
615 2641 672 2704 καὶ
694 2634 816 2706 όλλοσε
831 2632 918 2707 όπου
934 2665 998 2728 περ
1015 2639 1215 2709 αἰσθάνοιτο

143 2743 332 2830 στράτευμα
360 2739 613 2825 συλλεγόμενον,
649 2736 823 2828 ἁπανταχῇ
852 2735 1019 2829 ἀπεδήμει
1052 2744 1216 2830 λοχαγῶν·

142 2847 196 2911 καὶ
221 2837 292 2910 οὐδ’
320 2840 353 2908 έν
375 2845 438 2928 μιᾷ
458 2839 585 2907 τούτων
606 2844 674 2908 τῶν
696 2839 819 2920 ἐξόδων
841 2842 1008 2930 διαθήκας
1028 2846 1215 2912 κατέλιπεν.

142 2943 161 3034 ή
187 2946 223 3012 δὲ
240 2944 289 3021 εἰς
303 2941 363 3030 τὴν
377 2941 573 3031 Μυτιλήνην
596 2950 754 3031 στρατεία
775 2945 949 3011 τελευταία
965 2937 1056 3031 αὐτῷ
1078 2944 1214 3032 ἐγένετο,

89 3058 126 3114 15
144 3046 178 3114 ἓν
193 3042 214 3135 ᾗ
228 3050 284 3114 καί
301 3039 466 3111 ἀπέθανε.
501 3048 549 3131 τῷ
564 3032 621 3112 σύν
636 3037 676 3113 ἂν
692 3042 785 3129 ὑμῶν
800 3052 920 3134 φανείη
936 3044 1070 3128 πιστόν,
1093 3046 1216 3135 πρότε

141 3174 199 3237 ρον
215 3144 319 3227 όλλας
343 3152 518 3233 στρατείας
539 3142 810 3237 τοῦἈστυφίλου
827 3151 1089 3236 στρατευομένου
1108 3151 1213 3216 καίεο

141 3250 270 3330 εἰδότος
292 3243 346 3317 ότι
362 3247 397 3315 ἐν
412 3244 564 3327 ἁπάσαις
585 3251 702 3334 μέλλοι
716 3250 924 3332 κινδυνεύειν,
948 3243 1053 3327 ούτως
1071 3243 1216 3338 ἀκριβῶς

140 3352 182 3419 τὰ
204 3349 299 3440 παρὰ
327 3353 387 3439 τῆς
413 3349 511 3439 τύχης
533 3355 698 3440 συμβῆναι
704 3403 713 3433 ,
743 3345 829 3418 ὥστε
852 3351 886 3419 ἑν
907 3352 968 3435 μὲν
988 3355 1038 3438 τῷ
1059 3351 1213 3439 πρόσθεν

226 3543 249 3592 5.
268 3540 285 3591 6
302 3530 358 3604 δτιρ
377 3555 429 3608 περ
446 3539 566 3611 ἔμβραχυ
578 3539 655 3591 δορα
673 3531 730 3590 όταν
743 3534 877 3610 έπιβραχό
889 3556 941 3609 περ
959 3539 1015 3602 (ἐπὶ
1027 3542 1076 3605 pr.)
1093 3568 1129 3579 -
1146 3543 1161 3592 ’ί
1179 3529 1212 3589 ἂν

141 3639 161 3677 s.
179 3638 204 3674 v.
225 3627 250 3674 1:
270 3622 320 3675 del.
339 3622 416 3676 Schb.
435 3653 469 3662 -
487 3625 502 3676 8
521 3618 552 3674 δ’
572 3639 636 3677 corr.
657 3627 681 3688 1,
696 3618 726 3694 γ’
746 3639 784 3689 pr.
835 3622 878 3676 11.
898 3627 914 3677 3
932 3609 1030 3690 ...μήν
1048 3640 1086 3692 pr.
1138 3620 1209 3678 111

139 3704 190 3778 γὰρ
208 3701 244 3758 ἂν
262 3705 347 3772 Schb.,
365 3707 394 3759 ίί.
411 3703 511 3760 οὐδένα
528 3703 645 3762 πώποτε
662 3736 695 3746 -
713 3710 729 3760 3
747 3703 850 3778 οὕσπερ
868 3711 895 3761 et
911 3704 1070 3760 κοινωνοῦσι
1089 3724 1138 3761 em.
1152 3706 1212 3759 δὴν.

139 3820 173 3829 -
190 3794 207 3845 6
224 3782 302 3843 οἶτον
320 3807 392 3858 συντ,
409 3788 483 3846 οὕτω
501 3807 538 3859 pr.
607 3790 650 3846 14.
669 3796 685 3845 5
702 3784 815 3845 ἅπαντα
832 3793 902 3860 vulg.
915 3808 964 3845 om.
983 3820 1018 3832 -··
1036 3796 1051 3844 ’ί
1069 3786 1133 3846 ὅποι
1150 3789 1211 3845 nuk

224 3875 268 3931 15.
288 3878 301 3930 1
320 3873 436 3948 πότερον
452 3893 499 3944 pn,
517 3893 580 3929 τοτε.
599 3879 615 3928 2
633 3905 667 3915 -
685 3880 700 3930 3
718 3869 805 3929 οὔταε
823 3893 887 3930 corr.
907 3882 930 3943 1,
947 3870 1021 3930 ὥστε
1038 3892 1076 3944 pr.
