2626 4476
89 279 112 320 p.
127 269 160 310 ει,
339 251 415 304 ΠΕΡΙ
433 250 496 304 ΤΟΥ
513 250 755 305 ΔΠΟΛΔΟΔΩΡΟΥ
774 252 909 307 ΚΛΗΡΟΥ.
1128 250 1168 312 89

90 423 268 507 πραγμένα
296 412 542 507 Ἀπολλοδώρῳ
576 428 696 508 κυρίως
725 421 809 503 ἔχειν
842 421 967 506 νομίζει
997 425 1054 489 καί
1086 422 1170 489 κατά

90 520 170 598 τούς
199 519 336 605 νόμους·
368 515 406 587 ού
434 519 497 606 γὰρ
528 518 569 588 άν
598 547 683 588 ποτε
711 522 879 589 τοσούτων
905 523 1082 611 χρημάτων
1112 517 1169 591 ούκ

91 621 259 710 ἐλάγχανε.
303 621 458 708 γεγόνασι
487 623 522 688 δὲ
551 615 642 706 ὅμως
663 626 720 690 καὶ
742 619 839 691 άλλοι
862 625 1028 712 μάρτυρες
1051 619 1168 692 αύτών.

90 726 172 811 πρὶν
200 722 262 810 γάρ
292 722 350 807 ἐμὲ
377 717 467 812 η’κειν
496 723 530 790 ἐκ
558 729 617 811 τῆς
638 725 833 808 Πυθιάδος,
865 726 954 813 ἔλεγε
983 726 1070 815 πρός
1091 725 1168 805 τούς
1186 738 1222 793 27

92 824 240 914 δημότας
258 818 516 913 Ἀπολλόδωρος
543 819 597 893 ότι
619 832 847 914 πεποιημένος
875 829 925 918 εἰἠ
955 854 997 913 με
1019 827 1093 895 υἱόν
1114 831 1170 896 καί

92 926 303 1015 ἐγγεγραφώς
325 926 374 1005 είς
396 926 474 1006 τούς
497 941 661 1014 συγγενεῖς
682 931 738 994 καλ
768 929 950 1016 φράτερας,
979 933 1034 996 καὶ
1058 955 1178 1018 παρα-Ἰ

93 1028 232 1096 δεδώκει
254 1027 313 1116 την
336 1025 462 1112 ούσίαν,
493 1032 549 1096 καί
572 1023 773 1097 διεκελεύεθ’
800 1023 909 1113 ὅπως,
940 1027 980 1098 άν
1006 1057 1039 1099 τι
1069 1031 1169 1119 πάθη

53 1191 54 1196 ,
94 1129 268 1217 πρότερον,
302 1129 508 1220 ἕγγράψσυσί
542 1155 585 1214 με
619 1130 667 1208 εἰς
699 1131 736 1197 τό
777 1131 985 1221 ληξιαρχικὸν
1016 1159 1169 1221 γραμμα-
1253 1132 1257 1141 ’

92 1247 182 1300 τεῖον
211 1232 406 1319 Θράσυλλον
431 1226 689 1319 Ἀπολλοδώρου
715 1233 837 1322 καὶμὴ
862 1231 908 1313 ώς
934 1230 1043 1313 άλλως
1068 1235 1170 1323 ποιη-

94 1357 200 1401 σουσι.
237 1328 383 1401 κάκεῖνοι
397 1338 503 1400 ταῦτα
517 1327 725 1415 άκούσαντες,
750 1334 876 1402 τούτων
891 1335 926 1402 ἐν
942 1330 1170 1424 ἀρχαιρεσίαις
1184 1347 1230 1404 28v

92 1435 362 1524 κατηγορούντων
384 1438 440 1502 καὶ
471 1436 631 1522 λεγόντων
654 1431 700 1512 ώς
729 1429 786 1502 ούκ
808 1435 992 1524 ἐποιήσατό
1020 1462 1062 1521 με
1088 1438 1170 1516 υἱόν,

93 1539 149 1604 καὶ
180 1535 217 1614 ἐξ
243 1531 289 1604 ών
314 1532 459 1625 ἤκουσαν
487 1540 543 1604 καὶ
572 1535 608 1615 ἐξ
637 1530 683 1603 ών
713 1533 845 1622 Ιἥδεσαν,
878 1532 1062 1622 ὀμόσαντες
1083 1532 1167 1605 καθ’
1271 1624 1274 1629 ἢ

96 1639 195 1726 ίερών
216 1636 401 1725 ἐνέγραψόν
429 1663 486 1723 με,
515 1638 673 1725 καθάπερ
704 1637 825 1717 ἐκεῖνος
855 1639 995 1706 ἐκέλευε·
1026 1639 1169 1729 τοσαύτη

93 1739 300 1828 περιφάνεια
321 1742 380 1825 τῆς
403 1738 482 1828 ἐμῆς
504 1739 676 1829 ποιήσεως
698 1738 824 1826 ἐγένετο
846 1734 931 1828 παρ)
959 1734 1081 1820 αύτυῑς.
1117 1738 1172 1819 Ὡς

94 1834 126 1907 δ’
155 1834 268 1930 άληθῆ
289 1843 383 1928 λέγω,
406 1840 500 1908 κάλει
521 1866 581 1925 μοι
603 1840 729 1908 τούτων
750 1840 827 1919 τούς
848 1841 1028 1929 μάρτυρας.

524 1945 746 1999 ΜΑΡΤΥΡΕΣ.

175 2021 249 2093 Ἐπὶ
279 2026 339 2110 μὲν
368 2027 535 2094 τοσούτων
563 2027 748 2115 μαρτύρων,
778 2013 805 2093 ώ
834 2023 965 2113 άνδρες,
993 2032 1124 2114 γέγονεν
1149 2023 1223 2115 ἡ29

93 2135 248 2215 ποίησις,
276 2127 401 2214 ἔχθρας
423 2130 484 2213 μὲν
505 2130 655 2206 παλαιᾶς
679 2122 768 2215 αὕτη]
790 2127 877 2216 πρός
902 2128 1039 2208 τούτους
1062 2125 1170 2218 ούσης,

95 2230 214 2319 φιλίας
236 2228 272 2296 δὲ
292 2227 381 2316 πρός
402 2226 490 2317 ἡμᾶς
511 2233 567 2296 καί
590 2236 777 2316 συγγενείας
800 2225 837 2297 ού
859 2234 979 2318 μικρᾶς
1003 2227 1171 2317 ὑπαρχού-

94 2353 166 2420 σης.
204 2327 249 2409 ώς
272 2324 304 2397 δ’
324 2325 396 2398 εὗδ’
416 2331 446 2398 εἰ
467 2330 647 2419 μηδέτερον
663 2331 788 2399 τούτων
802 2328 944 2420 ὑπῆρχε,
967 2333 1050 2421 μήτε
1066 2332 1171 2419 ἔχθρα

94 2431 182 2519 πρός
203 2432 341 2511 τούτους
362 2432 446 2521 μήτε
469 2432 568 2521 φιλία
590 2431 677 2518 πρὸς
690 2428 788 2518 ἡμᾶς,
812 2427 869 2500 ούκ
892 2429 932 2500 άν
947 2459 1032 2501 ποτε
1047 2429 1171 2500 Ἀπολ·
1230 2510 1238 2517 ᾗ

95 2533 244 2622 λόδωρος
264 2533 323 2601 ἐπὶ
345 2533 477 2611 τούτοις
499 2531 557 2601 τόν
584 2535 704 2622 κλῆρον
724 2539 842 2601 τοῦτον
864 2536 1049 2616 κατέλιπεν,
1076 2532 1173 2620 οἶμαι

95 2637 149 2702 καί
172 2630 275 2702 ταῦθ’
299 2632 377 2721 ύμῖν
400 2636 526 2724 ῥᾳδίως
547 2634 737 2714 ἐπιδείξειν.
782 2635 906 2713 πάντες
927 2635 989 2724 γάρ
1013 2638 1045 2704 σί
1060 2638 1169 2703 τελευ-
1184 2651 1224 2707 30

95 2735 208 2826 τησειν
229 2739 407 2822 μέλλοντες
428 2736 593 2825 πρόνοιαν
615 2741 794 2805 ποιοῦνται
817 2740 913 2826 σφῶν
937 2731 1053 2819 αύτών,
1077 2731 1172 2817 ὅπως

95 2838 139 2925 μὴ
163 2836 410 2927 ἓξερημώσσυσι
425 2837 502 2918 τούς
518 2843 699 2928 σφετέρους
715 2832 823 2906 αύτών
838 2840 958 2921 σ’ίκους,
982 2834 1057 2907 ἀλλ’
1077 2839 1172 2908 ἔσται
1231 2892 1233 2897 .

95 2965 147 3019 τις
169 2939 250 3026 [καὶ]
273 2937 290 3007 ό
316 2938 454 3027 ἓναγιών
476 2944 532 3007 καί
546 2935 660 3008 πάντα
682 2939 724 3008 τά
747 2940 945 3026 νομιζόμενα
964 2936 1077 3020 αὐτοῖς
1091 2967 1172 3010 ποι·

96 3040 203 3129 ήσων·
227 3035 273 3110 δι’
293 3041 312 3109 δ
335 3031 395 3109 κάν
420 3037 564 3120 άπαιδες
585 3042 835 3131 τελευτήσωσιν,
861 3036 934 3122 ἀλλ’
954 3030 1010 3110 οὖν
1025 3043 1172 3132 ποιησά-

95 3168 192 3227 μενοι
212 3145 465 3211 καταλείπουσι.
508 3146 563 3210 καὶ
588 3137 625 3210 ού
640 3144 743 3228 μόνον
760 3143 831 3231 ἰδίη
845 3147 950 3210 ταῦτα
972 3145 1173 3231 γιγνώσκου-

97 3267 159 3326 σιν,
185 3238 270 3312 άλλδι
291 3248 347 3312 καὶ
371 3244 516 3333 δημοσίᾳ
537 3241 574 3312 τό
598 3243 709 3312 κοινόν
731 3248 790 3332 τῆς
811 3246 944 3322 πόλεως
966 3239 1053 3312 ούτω
1074 3240 1168 3312 ταῦτ’

184 3400 199 3452 6
218 3392 307 3451 αύτῶε
327 3415 375 3452 em.
393 3397 470 3452 Schh.
548 3397 590 3452 27.
611 3402 623 3450 1
643 3393 790 3451 πυθαίδοετ
809 3414 857 3451 em.
875 3397 937 3451 Rsk.
956 3428 988 3436 —
1007 3405 1031 3451 3.
1049 3403 1066 3452 4
1084 3417 1172 3468 παρα-

96 3478 210 3538 δεδώκει
222 3498 269 3551 με,
286 3501 310 3535 ιι
322 3499 355 3545 ετ,
366 3501 392 3536 οι
405 3499 468 3537 τοτε,
481 3488 492 3536 1
505 3510 541 3522 -
557 3486 574 3536 4
585 3479 649 3536 ἄντι
662 3498 725 3535 corr.
739 3486 762 3548 2,
774 3477 836 3536 ἀντι
848 3499 885 3550 pr.
899 3511 933 3521 —
945 3479 1026 3555 πάθῃ
1038 3481 1171 3535 Schaefer:
1235 3496 1239 3505 ·

97 3562 188 3622 πάθοι
209 3594 244 3608 -
268 3563 467 3638 δίγγράφσωι
483 3583 529 3634 μα,
547 3566 704 3640 ίγγράφωσι
727 3583 790 3620 corr.
807 3570 840 3620 λι
854 3583 901 3620 em.
920 3567 978 3620 Dbr.
1053 3565 1094 3621 27.
1113 3570 1137 3620 6.
1157 3571 1170 3618 1

97 3650 245 3719 ποιήσαντι
264 3668 315 3705 em.
331 3651 390 3707 Dbr.
451 3651 524 3709 281
544 3646 723 3704 υύκούσαντεε
740 3667 787 3719 pr„
806 3667 869 3707 corr.
886 3657 895 3704 1
915 3681 949 3691 -
966 3654 982 3704 2
999 3645 1047 3703 οὐκ
1066 3668 1086 3705 s.
1105 3669 1129 3706 v.
1149 3657 1172 3704 2.

181 3735 226 3793 29.
240 3740 256 3790 2
273 3734 379 3790 τούτοις
389 3753 436 3804 με,
449 3739 539 3792 com
558 3765 589 3776 -
609 3741 625 3791 4
636 3734 674 3805 μὴ
685 3731 718 3788 θ’
734 3731 745 3792 .‘
745 3731 832 3807 ’τερον
843 3752 890 3805 pr„
901 3735 1057 3808 μηδέτερον
1069 3751 1133 3788 corr.
1145 3740 1154 3788 1
1167 3756 1173 3786 :

97 3821 274 3877 em.Seh00m.
349 3819 394 3877 30.
414 3825 429 3875 3
447 3817 647 3890 ίξιρημώσουσι
659 3837 705 3891 pr„
724 3839 746 3872 α
766 3836 797 3874 ex
815 3839 845 3874 ου
864 3837 927 3877 corr.
942 3825 954 3874 1
974 3849 1009 3861 -
1026 3825 1042 3875 4
1059 3824 1105 3872 καὶ
1123 3821 1173 3874 del.

97 3905 129 3960 δι
145 3922 212 3974 meo,
236 3907 279 3960 vel
302 3921 344 3959 τιν
360 3907 403 3960 vel
421 3902 435 3959 ό
460 3906 511 3959 del.
529 3905 601 3962 Turr.
619 3933 652 3944 -
675 3900 795 3962 αὐτοῖς..
813 3910 887 3973 (eras
905 3906 957 3959 vid.
975 3893 1012 3973 ἦν)
1030 3935 1063 3944 -
1081 3900 1173 3958 πάντα

97 3987 131 4043 τὰ
149 4007 212 4046 corr.
234 3996 255 4057 l,
274 3988 368 4046 πάντα
385 4008 423 4058 pr.
440 4021 474 4032 -
493 3995 506 4044 1
527 3986 652 4059 δημσ..ἀ
669 4006 714 4058 pn,
733 4005 797 4044 corr.
818 3995 830 4043 1
