2626 4476
56 276 79 316 μ
92 263 125 303 61.
312 244 389 297 ΠΕΡΙ
407 244 472 298 ΤΟΥ
488 244 733 300 ΑΠΟΛΛΟΔΩΡΟΥ
751 248 889 303 ΚΛΗΡΟΥ.
1099 249 1138 309 85

59 415 95 481 δὲ
123 408 270 504 ἆδελφῇ,
302 412 414 492 διδούς
443 407 545 534 αύτην
566 417 766 504 Λακρατίδη
795 421 844 504 τιῦ
873 421 928 485 νύν
942 419 1139 542 ἱεροφάντῃ

57 541 185 606 γεγενηι
172 522 272 605 μ.ένι,υ
308 519 462 594 τοιοῦτος
483 502 524 603 ἦν
547 513 669 595 ἐκεῖνος
691 522 770 602 περὶ
792 515 880 605 ἡμᾶς
895 519 974 598 τούς
988 516 1056 600 ἐξ
1039 527 1139 611 αρχῆς

59 611 162 686 αύτδν
190 618 374 696 σώσαντας.
425 611 532 696 αλςδ
565 611 679 706 ἀληθῆ
708 622 807 742 5575,
842 626 899 689 καὶ
927 624 1022 713 δίκας
1051 625 1137 693 εἷλεν
1155 631 1192 687 10

59 716 210 789 Εύπολιν
232 720 301 802 δύο,
323 719 383 809 τὴν
405 720 465 804 μὲν
489 719 739 809 ἐπιτροπῆς
704 749 763 810 την
786 724 823 790 δὲ
844 720 1057 815 ἡμικληρίου,
1080 731 1139 794 τού

57 823 207 890 πάππου
223 827 507 912 συνηγωνισμένου
522 825 579 889 καί
595 823 756 908 λέγοντος,
779 825 823 892 τά
842 852 880 893 τε
898 827 1051 917 χρήματα
1067 827 1139 896 ἐκο-

58 932 181 1010 μίσατο
197 918 245 993 δι’
263 920 422 1012 ἡμᾶςκαὶ
443 922 643 1002 ταύταςτὰς
658 924 797 1009 χάριτας
819 924 898 1016 ἡμῖν
914 923 1138 1011 άνταπίδωκε,

58 1026 187 1094 τούτων
214 1030 351 1115 πρῶτον
377 1024 544 1111 βούλομαι
577 1032 818 1116 παρασχέσθαι
850 1029 928 1108 τούς
957 1031 1137 1121 μάρτυρας.

60 1135 131 1195 Καί
151 1155 211 1213 μοι
232 1128 327 1196 κάλει
350 1128 447 1216 δεῦρο
471 1121 601 1206 αύτούς.

486 1232 708 1285 MAPTYPEZ.

145 1315 198 1382 Αἱ
219 1315 280 1400 μὲν
303 1301 360 1381 ούν
382 1338 452 1440 παρ
484 1311 577 1401 ἡμῶν
601 1312 785 1404 εὐεργεσίαι
800 1321 953 1384 τοιαῦται
968 1320 1025 1384 καὶ
1046 1320 1192 1406 τηλι-11

59 1421 179 1484 καύται
200 1415 238 1484 ιδ
254 1415 400 1504 μέγεθός
423 1416 521 1484 εἰσιν·
546 1444 581 1483 αι
571 1417 641 1483 ‘55
663 1417 750 1506 πρὸς
773 1417 896 1487 ἐκεῖνον
919 1419 1039 1509 ἔχθραι
1061 1423 1142 1506 περί

58 1519 228 1587 τοσούτων
248 1518 426 1647 χρημάτων
447 1504 542 1607 ἦσαν,
567 1519 607 1597 ἃς
630 1513 687 1602 ούχ
710 1514 842 1588 olo'v'
810 1547 829 1586 τ
869 1521 977 1588 εἰπεῖν
999 1517 1068 1642 ιδς)
1073 1522 1142 1588 διε-

60 1621 204 1691 λύσαντο
226 1625 282 1688 καὶ
304 1623 400 1710 φίλοι
422 1621 582 1708 ἐγένοντο.
620 1622 748 1709 μεγάλα
769 1621 832 1711 γάρ
855 1622 1014 1713 τεκμήρια
1031 1617 1140 1690 αύτῶν

60 1723 170 1791 ἐστιν·
193 1719 341 1802 Εύπολις
361 1722 424 1812 γὰρ
448 1716 538 1809 αύτῷ
561 1723 655 1792 δυοῖν
676 1729 870 1812 θυγατέρων
894 1719 1001 1793 ούσῶν
1027 1725 1120 1792 καὶ’
1107 1750 1141 1792 εκ

36 1829 127 1893 τῶν
150 1819 259 1893 αύτῶν
283 1819 373 1912 αύτῷ
394 1824 536 1913 γεγονώς
563 1829 619 1892 καί
642 1820 793 1915 χρήμαθ’
819 1823 907 1915 δρῶν
934 1833 1140 1916 κεκτημένον,

61 1920 238 2056 οὐδετέραν
261 1921 352 2014 αύτῷ
365 1927 492 1995 τούτων
515 1926 627 1995 ἐ’δωκε.
660 1934 771 1996 καίτοι
793 1928 945 1996 δοκοῦσιν
961 1928 1141 2016 ἐπιγαμίαν
1157 1939 1192 1994 12

59 2028 182 2117 καὶμὴ
207 2042 373 2116 συγγενεῖς
402 2024 525 2116 ύνδρας
554 2023 639 2096 ἀλλὰ
661 2032 717 2096 καὶ
739 2029 818 2108 τούς
848 2028 1005 2113 τυχόντας
1029 2023 1141 2096 άπαλ-

61 2131 195 2199 λάπτειν
215 2131 361 2221 μεγάλης
383 2124 602 2220 διαφοράς,“
582 2157 663 2198 οταν
679 2130 701 2197 5
723 2157 809 2258 περι
793 2133 899 2198 πλεί
886 2139 979 2199 ίστου
1001 2134 1141 2199 ποιούν-

60 2259 129 2316 ται,
153 2227 245 2301 ταῦτ’
273 2227 431 2321 ἀλλήλοις
461 2232 693 2355 ἐγχειρίζωσιν.
745 2227 809 2300 εἴτ’
835 2231 893 2302 ούν
916 2229 1066 2312 Εύπολις
1087 2257 1141 2320 γε·

59 2340 195 2423 γένηται
217 2335 326 2413 α’ίτιος
348 2333 558 2422 (δοῦναι)
516 2361 562 2422 μη
584 2336 826 2424 βουληθείς,’
800 2335 850 2402 είτ
853 2329 1141 2424 ’Ἀπολλόδωρος

61 2438 176 2523 λαβεῖν
198 2435 242 2524 μὴ
267 2435 444 2525 ἐθελήσας,
466 2435 528 2514 τὰς
550 2429 726 2523 ἒχθρας,“
707 2462 762 2503 οτι
784 2437 1020 2522 διέμειναν,
984 2463 1022 2504 το
1047 2437 1142 2524 ἔργον

62 2538 237 2626 δεδήλωκε.

146 2643 215 2707 Καὶ
245 2643 325 2728 περὶ
353 2641 413 2725 μὲν
441 2644 500 2727 τῆς
529 2639 660 2708 ἐκείνων
693 2642 860 2730 διαφορᾶς
894 2640 1025 2718 ἱκανούς
1053 2637 1143 2709 εἶναι
1160 2649 1194 2708 13

61 2743 186 2827 νομίζω
200 2744 256 2809 καὶ
271 2740 349 2820 τούς
372 2742 564 2831 εἰρημένους
578 2742 710 2830 λόγους·
734 2739 811 2810 οἶδα
824 2741 888 2831 γάρ
910 2735 964 2810 ὅτι
978 2745 1034 2810 καὶ
1049 2739 1141 2827 ύμιύν

59 2839 139 2913 ύσοι
165 2843 388 2933 πρεσβύτεροι
416 2845 678 2933 μνημονεύουσιν
701 2839 755 2913 δτι
783 2844 932 2932 ἐγένοντο
962 2838 1143 2913 ἀντίδικοι·

58 2946 98 3014 τύ
122 2971 160 3014 τε
180 2944 243 3034 γάρ
265 2950 411 3034 μέγεθος
432 2950 498 3014 τῶν
522 2947 632 3029 δικῶν,
655 2950 711 3014 καί
734 2946 823 3014 διότι
837 2946 925 3014 πολύ
942 2941 1043 3014 αύτδν
1065 2941 1142 3034 Ἅρ-

55 3049 203 3175 χέδαμος
238 3047 339 3131 εἶλεν,
376 3047 579 3138 ἐπιφάνειάν
607 3075 683 3116 τινα
713 3047 881 3171 ἐποίησεν.
937 3047 983 3126 ὡς
1013 3050 1050 3115 δὲ
1085 3048 1143 3133 ἐμὲ

59 3149 248 3242 ἐποιήσατο
270 3149 343 3218 υιδν
359 3143 477 3230 ξύν’
438 3150 538 3229 αυτδς
553 3153 608 3217 καί
630 3149 744 3238 κύριον
758 3177 825 3218 των
841 3146 942 3218 αύτου
929 3154 1142 3240 κατέστησε

57 3256 116 3322 καί
147 3278 195 3330 εις
223 3250 300 3330 τούς
327 3251 484 3374 γεννητας
513 3255 568 3320 καὶ
596 3252 646 3330 εἰς
673 3251 751 3331 τούς
773 3251 942 3372 ηυρύτερας
969 3251 1141 3341 ἐνέγραψε,

56 3354 195 3433 τούτοις
214 3349 352 3482 ἤδη
301 3379 362 3438 μοι
383 3353 441 3422 τὸν
464 3356 540 3421 νούν
556 3358 744 3441 προσέχετε,
769 3380 795 3418 ω
781 3339 938 3481 ἄνδρες
974 3348 1141 3422 Ἅπολλο-
1146 3361 1195 3418 .11

57 3455 162 3546 δώρῳ
184 3482 246 3575 γαρ
262 3482 303 3544 ην
319 3455 401 3537 υιύς,
424 3454 463 3522 δν
478 3455 602 3534 ἐκεῖνος
623 3450 722 3522 καὶ”
701 3479 795 3542 ησκει
809 3482 866 3522 και
855 3449 963 3522 δι”
949 3479 1021 3540 επιι
1022 3458 1103 3524 ιελεί
1090 3463 1143 3535 ίας

55 3551 208 3644 ελχεν,”
180 3580 296 3645 ωσπερ
318 3560 375 3624 καὶ
395 3561 565 3647 προσῆκον
587 3543 636 3645 ἦν.
682 3557 803 3635 ἕως
766 3583 826 3642 μεν
849 3544 906 3624 ούν
933 3556 1055 3636 ἐκεῖνος
1078 3558 1141 3648 ἔζη,

52 3659 219 3744 διάδοχον
240 3663 299 3749 τῆς
321 3652 438 3737 ούσίας
459 3653 658 3747 ἤλπιζεν
621 3657 721 3725 αυτὸν
742 3681 965 3748 καταστησειν
984 3663 1043 3746 τῆς
1066 3659 1143 3726 ἔαυ-

146 3835 162 3884 δ
182 3826 350 3903 λσκρυιτ.ίδη
363 3847 399 3899 pr.
451 3831 492 3885 ll·
511 3833 526 3884 6
545 3824 621 3895 αύτιῖ
639 3846 689 3883 om.
704 3829 760 3882 ΑΜ.
774 3831 900 3897 etvulgo.
952 3829 995 3885 12.
1014 3834 1038 3884 2.
1058 3835 1072 3885 3
1091 3827 1144 3884 άπ-

50 3916 194 3973 αλιὶττειν
203 3929 251 3984 ηε,
263 3931 327 3969 corr.
339 3920 351 3969 1
367 3944 398 3957 -
416 3920 432 3970 4
444 3908 560 3981 ἀλλήλω
571 3928 618 3981 με,
636 3929 700 3969 corr.
711 3917 723 3966 1
738 3943 771 3953 -
784 3915 982 3986 ἐγχειρίζωσιν
992 3931 1040 3983 pr„
1054 3931 1117 3968 corr.
1129 3918 1144 3967 2

46 4035 87 4046 -
101 4009 119 4060 5
135 3997 235 4055 δοῦναι
247 4000 304 4054 εδδ.
314 4000 376 4057 ΒεΙτ.
389 4005 448 4070 post
459 3997 614 4068 βουληθείς.
648 3997 782 4066 13.1Ιεχ.
795 4003 841 4051 καὶ
852 3991 897 4053 ὅτι
932 3998 975 4054 11.
988 4003 1003 4053 2
1015 3986 1049 4067 ἦν
1062 4016 1082 4054 s.
1092 4017 1117 4052 v.
1131 4003 1142 4051 1
