2626 4476
79 255 116 296 ε.
130 243 162 285 ο.
330 225 406 279 σεει
423 227 487 282 Tor
504 224 766 279 σκιοκτιικοκοκ
784 226 921 279 mmor.
1131 221 1168 285 81
1250 252 1252 256 ⁴

91 395 219 462 οἴσετε·
249 397 303 462 καὶ
334 392 420 482 πρὸς
446 393 568 483 ταύτην
598 387 698 461 αὐτόν
726 393 873 461 κελεύετε
901 392 960 482 τήν
987 388 1174 482 ἀπολογίαν

93 502 293 573 ποιεῖσθαι,
323 489 438 583 ὥσπερ
468 498 523 563 καὶ
545 492 641 584 ήμεῖς
661 495 941 584 κατηγορήσαμεν.
989 500 1174 584 γέγραπται

92 595 141 677 ὥς
163 592 222 665 ούκ
243 597 364 667 ἐδιοκεν
380 591 456 665 ούδέ
479 597 619 665 διέθετο
633 595 869 718 Φιλοκτήμων·
893 601 990 664 τοῦτο
1006 597 1173 666 ἐπιδέδει-

92 726 169 768 κται
187 696 347 785 ψεύδος”
327 719 383 768 ον·
406 702 461 766 καὶ
478 697 541 786 γὰρ
558 693 670 776 ὁδούς
684 694 773 764 καὶο
791 698 991 824 διαθέμενος
1013 699 1172 787 (ἐκεῖνος),

91 805 150 869 καὶ
178 804 404 896 μαρτυροῦσιν
434 802 466 868 οἱ
495 798 769 918 παραγενόμενοι
819 806 853 867 τί
881 799 949 883 ἐτι,
977 804 1170 890 τελεατήσαι
1186 812 1225 870 68

93 899 229 971 όπαιδα
246 902 406 990 Φιλοκτήι
406 928 489 969 ιονα.
526 905 601 979 πῶς
624 887 681 968 σύν
705 896 811 980 όλπαις
832 887 872 989 ήν
895 895 932 980 ός
953 928 1005 981 τις
1021 901 1080 970 τὸν
1095 903 1172 970 ἑαν-

92 1010 155 1073 τοῦ
178 999 435 1093 ἆδελφιδοῦν“
402 1001 475 1071 νιόν
497 1003 725 1091 ποιησόμενος
747 997 987 1090 κατέλιπενηἶ
959 1029 985 1068 ιιι
1009 999 1170 1090 ομοίως
1154 1031 1170 1070 ο

94 1107 199 1192 νόμος
219 1105 278 1196 τήν
300 1107 522 1194 κληρονομίαν
545 1098 736 1172 ἀποδίδωσι
758 1107 900 1183 καὶτοῖς
916 1104 951 1184 ἐξ
965 1099 1067 1172 αύτού
1081 1130 1173 1192 γενο-

92 1213 224 1293 μένοις,
243 1210 300 1275 καὶ
323 1204 540 1294 διαρρήδήν’
526 1231 560 1272 εν
582 1210 631 1292 τῴ
652 1204 744 1293 νόμιμ
766 1205 1006 1333 γέγραπται,’
992 1205 1050 1273 εὰν
1072 1233 1173 1324 ποιή-

95 1316 229 1397 σαμένῳ
251 1309 373 1386 παῖδες
395 1307 623 1393 ἐπιγένωνται,
645 1306 683 1375 τό
707 1307 845 1396 μέρος(
829 1308 982 1393 εκότερον
1009 1307 1093 1392 ἐχειν
1115 1312 1174 1396 τής

92 1404 213 1490 ούσίας
233 1413 290 1477 καὶ
311 1404 565 1498 κλήρονομεῑν“
549 1413 675 1492 ομοίως
698 1403 916 1498 ἀμφοτέρους.
958 1406 1004 1489 ὥς
1027 1396 1084 1476 οὖν
1108 1409 1174 1476 εισι
1186 1425 1225 1481 64

92 1511 226 1599 γνήσιοι
249 1513 282 1578 οἱ
311 1511 432 1588 παῖδες
460 1510 548 1592 οἵδε,
576 1513 655 1576 τούτ
659 1503 775 1577 ἀύτό
801 1511 1033 1592 ἐπιδεικνύτω,
1057 1503 1173 1596 ὥσπερ

95 1603 139 1680 όλν
160 1609 252 1696 ὑμῶν
275 1612 419 1689 ἕκαστος.
458 1605 496 1678 σύ
518 1610 581 1698 γὰρ
605 1602 645 1678 όν
661 1611 740 1699 εἴπῃ
764 1612 888 1701 μητρός
904 1609 1019 1698 όνομα,
1042 1611 1174 1700 γνήσιοί

95 1714 193 1796 εἰσιν,
224 1708 298 1781 ἀλλ’
325 1713 382 1781 ἐὰν
411 1712 600 1801 ἐπιδεικνύῃ
630 1710 675 1792 ιύς
699 1708 812 1804 όιλήθή
834 1717 935 1802 λέγει,
958 1714 1036 1795 τούς
1059 1737 1173 1801 συγγε-

93 1830 164 1896 νεῖς
179 1815 376 1904 (μάρτυρας)
392 1815 618 1938 παρεχόμενος
640 1814 718 1894 τούς
740 1816 873 1894 εἰδότας
896 1822 1111 1886 συνοικοῦσαν
1126 1845 1172 1905 τοι

95 1912 282 2041 Εὐκτήμονι
310 1918 392 2018 (καὶ)
421 1917 499 1996 τούς
528 1917 674 2013 δημότας
702 1917 858 1998 καὶτοὺς
881 1918 1064 2009 φράτερας,
1088 1921 1175 1987 ε’ίτι

94 2015 257 2110 όικηκόασι
271 2019 413 2087 πώποτε
433 2010 455 2106 ή
470 2021 585 2087 ἴσασιν
598 2017 684 2108 ύπέρ
701 2014 801 2109 αύτής
816 2015 935 2110 Εύκτήρ
937 2048 1010 2089 ιονα
1025 2024 1174 2109 λειτουρ-

93 2123 258 2212 γήσαντα,
288 2123 336 2190 ἐτι
367 2123 403 2189 δὲ
426 2126 493 2189 πού
514 2128 704 2209 τέθαπται,
733 2122 768 2190 ἐν
790 2129 939 2208 πολοιςι
926 2124 1091 2213 μνήμασι·
1120 2131 1225 2204 τίςδό

95 2221 166 2291 εἶδε
187 2224 229 2291 τὰ
251 2222 449 2309 νομιζόμενα
472 2229 636 2291 ποιοῦντα
659 2176 868 2312 Εύκτήμονα·
892 2239 955 2293 ποῖ
977 2219 1010 2292 δ’
1037 2220 1084 2293 ἐτ’
1104 2226 1173 2294 ἰόν-

93 2351 151 2404 τες
173 2327 207 2392 οἱ
228 2327 349 2403 παῖδες
372 2325 558 2412 ἐναγίζουσι
579 2327 633 2392 καὶ
653 2332 797 2409 χέονται,
827 2329 883 2394 καὶ
905 2334 956 2405 τίς
979 2324 1047 2394 ελδε
1068 2332 1174 2396 ταῦτα

93 2431 162 2495 τῶν
177 2417 363 2515 πολιτῶνή
384 2430 451 2493 τῶν
467 2426 602 2494 οἰκετῶν
617 2421 836 2516 Εὐκτήμονος.
875 2433 981 2496 ταῦτα
1002 2429 1064 2516 γάρ
1083 2429 1173 2498 ἐστιν

94 2529 225 2617 ἐλεγχος
254 2523 404 2610 ἅπαντα,
434 2532 491 2595 καὶ
519 2523 556 2596 ού
586 2530 748 2617 λοιδορία.
796 2534 853 2598 καὶ
881 2530 938 2597 ἐὰν
961 2534 1041 2615 περὶ
1071 2525 1173 2600 αύτού

93 2630 215 2698 τούτου
241 2631 392 2719 κελεύητε
421 2629 647 2698 ἐπιδεικνύναι
675 2625 791 2719 ὥσπερ
819 2634 875 2698 καὶ
905 2632 1173 2722 διεμαρτύρησεν,

94 2730 190 2818 ύμεῖς
211 2758 247 2799 τε
262 2732 323 2821 τήν
344 2737 462 2821 ψῆφον
485 2729 583 2800 δσλαν
598 2737 655 2800 καὶ
676 2732 760 2800 κατὰ
774 2733 851 2818 τούς
866 2733 987 2818 νόμους
1008 2734 1173 2824 θήσεσθε,

94 2835 210 2902 τοῖσδέ
230 2859 267 2900 τε
288 2832 330 2900 τὰ
353 2835 467 2901 δίκαια
488 2833 671 2923 γενήσεται.

181 3051 226 3109 62.
245 3057 260 3107 3
280 3048 366 3106 αὐτόν
384 3070 447 3107 corr.
466 3057 491 3120 2,
509 3040 603 3106 αύτῶν
621 3070 657 3122 pr.
675 3083 709 3094 --
734 3047 801 3108 δόν
818 3070 882 3108 corr.
900 3057 924 3119 2,
944 3049 985 3107 ὢν
1002 3072 1039 3124 pr.
1057 3084 1092 3095 -
1109 3058 1172 3107 έκεῖ-

93 3153 140 3190 νοτ
158 3136 217 3191 εδδ.
235 3137 267 3191 δε
284 3153 351 3192 meo.
415 3136 461 3194 63.
479 3141 494 3192 2
512 3135 595 3192 ἅπαις
612 3127 646 3206 ἦν
666 3131 740 3191 “om
751 3137 824 3191 Rsk.:
842 3132 877 3191 ἂν
895 3133 1002 3208 αἴσιμόε
1015 3155 1056 3192 τις
1073 3169 1106 3178 -
1124 3138 1173 3192 τὸν

94 3237 160 3275 corr.
180 3226 204 3288 1,
221 3221 281 3275 τῶν
298 3239 336 3290 pr.
405 3223 449 3279 64.
468 3228 492 3278 3.
510 3227 527 3277 4
544 3218 654 3295 γνήσιός
671 3224 760 3276 ἐστινε
779 3239 828 3277 em.
846 3223 894 3279 Bk.
916 3252 951 3263 -
967 3227 984 3278 4
1003 3220 1173 3291 ἐπιδεικνύῃ.

95 3337 129 3349 --
152 3313 167 3363 5
184 3304 323 3380 μάρτυρας
342 3307 400 3363 εδδ.
417 3308 478 3362 Rsk.
497 3338 531 3348 -
552 3313 567 3362 6
586 3314 632 3361 καὶ
654 3308 711 3362 εδδ.
730 3308 806 3362 Schh.
891 3307 936 3364 65.
955 3311 970 3360 2
988 3304 1043 3360 εἶδε
1066 3326 1129 3363 corr.
1151 3316 1173 3374 1,

92 3389 153 3445 οἶδε
169 3408 208 3460 pr.
231 3421 265 3439 -ε
287 3387 314 3443 δ’
334 3387 378 3444 ἐτ’
398 3387 485 3447 ἰόντιε
502 3409 565 3447 corr.
585 3396 609 3460 2,
633 3387 660 3445 δ’
680 3399 723 3446 δτι
741 3393 817 3447 ὄντες
834 3410 885 3460 ρει
909 3389 940 3446 δὲ
958 3388 1045 3446 ἰόντες.Ι
1061 3393 1121 3447 Dbr.
1140 3423 1175 3434 —

95 3481 111 3531 δ
129 3477 190 3530 τῶν
206 3471 288 3531 Ebur.
307 3476 366 3532 δότ.
384 3506 419 3518 -
436 3483 451 3532 5
469 3475 574 3551 ἔλεγχος
591 3477 660 3529 Ama
678 3480 777 3543 ἔνοχος.

535 3719 736 3727 ...nm
