2626 4476
181 234 242 294 144
531 238 639 292 mmor
657 237 740 292 ΥΠΕΡ
757 239 953 293 ΕΥΦΙΛΗΤΟΥ.
1179 259 1215 300 ot.
1229 261 1260 302 12

181 408 281 492 κοινῷ
302 409 369 472 τῶν
392 406 545 495 δημοτῶν
567 411 623 475 καὶ
644 413 692 496 τῷ
713 408 791 478 τότε
814 409 1044 498 δημαρχοῦντι,
1067 409 1105 488 ὃς
1127 413 1184 477 νῦν
1206 437 1260 477 τε·

182 508 361 597 τελεύτηκε,
386 509 444 578 δύο
468 510 523 601 ἔτη
546 515 606 578 τοῦ
629 511 803 601 διαιτητοῦ
823 509 883 599 τὴν
898 511 1031 580 δίαιταν
1054 512 1186 596 ἔχοντος
1201 507 1259 581 οὐκ

183 609 394 701 ἐδυνήθησαν
425 607 583 698 οὐδεμίαν
608 621 793 702 μαρτυρίαν
815 609 921 701 εὑρεῖν
944 611 990 693 ῶς
1018 611 1134 683 οὑτοσὶ
1157 611 1259 683 ἄλλου

181 713 273 794 τινὸς
302 715 431 805 πατρός
460 716 550 785 ἐστιν
578 707 600 804 ἢ
627 721 688 784 τοῦ
715 713 887 805 ἡμετέρου.
937 731 1009 796 τοῖς
1037 718 1074 784 δὲ
1103 719 1261 786 διαιτῶσι

182 823 323 906 μέγιστα
350 818 482 904 (ταῦτα)
511 833 633 908 σημεῖα
660 806 700 908 ἦν
722 823 783 886 τοῦ
804 821 997 906 ψεύδεσθαι
1023 820 1175 902 τούτους,
1204 826 1261 888 καὶ

182 920 422 1011 κατεδιῄτησαν
446 915 554 988 αὐτῶν
576 915 772 1010 ἀμφότεροι.
817 928 887 990 Καί
908 948 969 1007 μοι
990 922 1071 1008 λαβὲ
1092 926 1152 1010 τῆς
1174 949 1261 1011 προ-

181 1030 280 1111 τέρας
303 1025 433 1113 διαίτης
454 1023 514 1111 τὴν
536 1031 729 1109 μαρτυρίαν.

610 1130 825 1182 ΜΑΡΤΥΡῙΑ.

131 1237 167 1294 11
267 1226 322 1306 Ὡς
342 1230 403 1313 μὲν
418 1231 601 1296 τοίνυνκαὶ
622 1228 698 1296 τότε
713 1216 828 1317 ῶφλον
842 1228 902 1318 τὴν
920 1231 1063 1311 δίαιταν,
1087 1223 1260 1318 ἆκηκόατε.

185 1327 269 1411 ἀξιῶ
293 1332 338 1413 δέ,
362 1319 389 1398 ῶ
413 1328 530 1420 ἄνδρες
553 1331 717 1413 δικασταί,
741 1325 858 1420 ῶσπερ
879 1327 973 1398 οὗτοι
995 1337 1079 1418 μέγα
1100 1326 1193 1398 τοῦτ’
1220 1323 1261 1399 δν

185 1433 317 1524 ἔφασαν
346 1432 433 1502 εἶναι
462 1447 599 1524 σημεῖον
629 1430 675 1512 ῶς
706 1427 763 1500 οὐκ
793 1435 883 1502 ἔστιν
909 1430 1140 1524 Ἡγησίππου,
1171 1434 1202 1501 εἰ
1228 1436 1262 1501 οἱ

185 1538 355 1626 διαιτηταὶ
378 1531 486 1604 αὐτῶν
509 1530 748 1627 ἇπεδιῷτησαν,
771 1530 858 1604 οὕτω
878 1536 917 1604 τὸ
934 1540 991 1603 νῶν
1005 1532 1085 1623 ἡμῖν
1106 1541 1261 1605 τοιοῦτον

185 1637 272 1707 εἶναι
294 1639 485 1728 μαρτύριον,
515 1633 569 1707 ὅτι
599 1633 712 1728 ἇληθη
742 1641 888 1726 λέγομεν,
917 1638 992 1706 ἐπεὶ
1022 1639 1139 1718 ἔδοξαν
1164 1633 1261 1706 αὗτοὶ

156 1805 158 1808 ,
185 1735 312 1808 ἀδικεῖν
333 1745 452 1808 τοῦτον
465 1735 648 1830 Ἀθηναῖον
670 1737 751 1808 ὄντα
772 1743 828 1807 καί
849 1747 970 1824 κυρίως
986 1737 1121 1828 πρῶτον
1144 1739 1275 1828 &mm

187 1847 292 1928 φίντα
313 1836 450 1931 ὕστερον
473 1842 718 1929 ἐξαλείψαντες.
759 1836 894 1927 ὅτιμὲν
917 1830 974 1910 οὖν
997 1837 1144 1932 ἀδελφὸς
1165 1840 1260 1932 ἡμῶν

187 1943 277 2012 ἐστιν
300 1940 414 2013 οὑτοσὶ
430 1940 618 2035 Εὐφίλητος
640 1949 696 2012 καὶ
718 1948 859 2035 πολίτης
873 1942 1040 2031 ὑμέτερος,
1062 1947 1120 2012 καὶ
1137 1938 1261 2022 ἇδίκως

184 2042 332 2136 ὑβρίσθη
355 2044 422 2114 ὑπὸ
445 2051 512 2114 τῶν
534 2046 568 2115 ἐν
589 2050 638 2134 τῶ
662 2047 755 2137 δήμῳ
778 2049 978 2125 συστάντων,
1002 2049 1121 2126 ἱκανῶς
1144 2049 1260 2131 σ’ίομαι

184 2144 281 2232 ὑμᾶς,
304 2135 330 2214 ῶ
354 2144 472 2236 ἄνδρες
494 2149 657 2231 δικασταί,
682 2145 865 2240 ἀκηκοέναι.

215 2412 216 2416 ¹
271 2357 294 2405 5.
313 2357 329 2407 6
347 2349 573 2418 τοτολοδτηκενΒ
596 2382 630 2393 -
653 2357 667 2406 ’1
691 2347 884 2419 ἧδυνὴθησοινι
907 2369 956 2408 em.
980 2354 1056 2407 schb.
1080 2383 1114 2394 -
1137 2354 1260 2408 9ταῠτα

186 2436 244 2488 add.
263 2436 325 2490 Rsk.
343 2467 376 2475 —
399 2442 430 2490 10
448 2433 652 2504 καταδιήτησαν
665 2437 744 2503 ΑΒΜ,
761 2434 988 2504 κατεδιὴι.τησοιν
1005 2441 1029 2504 (ε
1046 2454 1068 2491 s.
1080 2458 1109 2491 αι
1126 2454 1191 2495 corr.
1204 2439 1260 2504 2)F

185 2552 219 2561 -
238 2519 324 2576 αὐτὸν
341 2523 385 2575 112
403 2552 436 2562 -
454 2517 550 2590 λάβετε
567 2524 634 2587 libri,
652 2521 706 2591 λαμ
722 2525 749 2575 in
767 2540 816 2578 ras.
834 2522 873 2576 M:
892 2540 940 2576 em.
953 2522 1015 2577 Rsk.
1032 2553 1067 2562 —
1088 2527 1126 2578 10.
1148 2527 1176 2577 11
1194 2541 1259 2594 προ-

185 2610 276 2679 τίραεε
296 2627 314 2658 α
331 2624 346 2660 e
364 2623 428 2660 corr.
447 2607 488 2661 Fl
509 2636 543 2647 -
564 2611 593 2660 12
611 2610 651 2659 tit.
670 2624 720 2660 om.
738 2608 765 2658 F.
833 2607 875 2662 12.
896 2613 907 2661 1
929 2604 1059 2678 ῶφειλονι
1078 2623 1126 2661 em.
1144 2607 1206 2661 Rsk.
1226 2637 1261 2646 -

186 2695 287 2764 θμέγα
305 2692 380 2745 Rsk.:
403 2688 473 2759 μετὰ
495 2722 529 2731 -
550 2686 626 2744 τοῦτ’
647 2688 682 2745 ἂν
706 2693 836 2748 Schoem.:
859 2693 948 2747 ταῦτα
969 2723 1004 2733 -
1025 2697 1041 2748 3
1059 2693 1202 2764 ἕφησοινῈ
1226 2722 1260 2732 -

185 2770 354 2846 ἧγησίππουε
380 2793 470 2830 ιεοιι.
488 2793 509 2829 s.
527 2798 543 2827 υ
560 2776 586 2828 M
598 2782 608 2830 1
638 2807 671 2816 -
698 2781 714 2830 4
736 2777 874 2831 rotm'nov:
896 2774 929 2832 τὸ
950 2772 1013 2831 αὖτ“
1039 2777 1122 2830 τοῦτο
1146 2777 1260 2843 Sauppe,

186 2855 350 2913 τούναντίον
363 2861 440 2914 Sehb.
459 2891 492 2901 -
510 2864 526 2915 6
544 2857 678 2926 οἷθηναῖοι
689 2861 715 2913 Μ
733 2892 764 2900 -
779 2863 905 2935 πρῶτονε
923 2861 1058 2935 πρότερον
1071 2862 1174 2932 Sauppe
1187 2878 1260 2930 prae·

186 2949 264 2998 eunte
282 2945 343 2999 Rsk.
361 2976 395 2984 —
413 2949 428 3000 9
446 2942 516 3013 δῆμο
534 2948 552 2999 F
570 2962 617 3013 pn,
636 2941 715 3015 δῆμον
733 2964 796 3001 corr.
816 2952 838 3001 2.
