2626 4476
90 247 124 290 οι.
138 251 158 292 1
353 235 429 289 ΠΕΡΙ
447 235 511 289 ΤΟΥ
528 233 751 290 ΜΕΝΕΚΔΕΟΥΣ
768 233 906 287 ΚΔΗΡΟΥ.
1126 231 1164 290 17

90 403 155 493 ἔφη
179 403 248 472 δεῖν
271 403 394 494 ἐκείνην
416 408 475 495 τῆς
494 402 718 494 χρηστότητος
739 406 796 492 τῆς
819 401 937 490 ἑαυτῆς
959 404 1057 468 τούτο
1077 395 1165 469 διπο-

92 507 223 589 λαύσαι,
244 502 375 579 ίιπαιδα
389 509 594 593 καταστῆναι
608 504 948 675 σημκαταχηρόσασαν
962 498 1068 590 αὑτῶ·
1093 504 1165 569 λκα

92 605 149 686 νὸς
169 607 231 697 γὰρ
253 609 317 698 ε’φη
342 602 442 687 αύτδς
465 601 592 691 δτυχυῖν
615 603 711 685 εἶναι.
750 604 846 692 [καὶ’
833 631 867 672 εκ
888 604 1010 693 ταύτης
1024 628 1090 722 της
1112 607 1165 672 λέ-
1182 619 1200 675 8

93 707 174 787 ξευις
197 703 338 796 δῆλον“
319 737 373 779 οτι
396 712 505 800 φιλῶν
529 702 732 794 ἇπεβύλετο·
757 701 866 786 ούδεὶς
887 705 950 794 γὰρ
967 709 1075 790 μισῶν
1090 732 1166 781 τινα

92 811 231 879 ἱκετεύει
262 806 376 898 αὐτῷ]
428 809 533 879 ἐδεῖτο
568 796 625 879 ούν
652 805 765 930 ημηῖν
762 809 892 877 δοῦναι
920 807 1017 895 χάριν
1045 808 1166 898 ταύτην

92 908 193 999 αὕτη),
215 911 370 980 εκδοῦναι
391 907 482 999 ἄλλην
506 906 607 999 αὐτὴν
628 909 713 996 μετὰ
735 934 794 998 της
777 909 946 999 ςμνώμης
963 935 1021 998 της
1036 909 1164 976 ἑαυτοῦ.

90 1015 145 1079 καὶ
174 1008 270 1101 ἡμεῖς
298 1012 487 1098 ἐκελεύομεν
511 1005 611 1081 αύτδν
626 1017 776 1097 ,πείθειν
800 1005 901 1100 αὐτὴν
922 1013 1002 1100 περὶ
1022 1010 1165 1081 τούτων·

90 1106 110 1180 ό
133 1140 167 1180 τι
188 1113 250 1202 χδρ
273 1106 341 1199 (δν)
363 1113 468 1204 ἐκείνη
490 1117 634 1202 πεισθῇ,
654 1108 746 1181 τούτ>
766 1114 893 1202 ἐ’φαμεν
908 1112 1073 1201 ποιήσειν.
1106 1106 1201 1178 καλ-9

89 1221 180 1305 κείνη
199 1215 311 1302 τὸμὲν
328 1220 464 1305 πρῶτον
479 1210 553 1284 οὐδ’
571 1209 719 1306 ἠνέσχετ’
736 1209 838 1283 αύτοῦ
850 1218 1011 1303 λέγοντος,
1028 1213 1166 1303 προϊόν-

90 1343 148 1397 τος
170 1319 206 1386 δὲ
228 1322 287 1385 τού
306 1318 426 1406 χρόνου
454 1318 553 1403 μόλις
583 1316 746 1405 ἐπείσθη·
776 1319 833 1384 καὶ
862 1310 967 1396 ούτως
997 1316 1167 1401 ἑκδίδομεν

93 1413 194 1508 αὐτὴν
217 1413 339 1507 Ἠλείῳ
358 1426 492 1541 >Σφηττί
493 1445 536 1507 η),
565 1422 622 1488 καὶ
650 1446 668 1488 ο
657 1416 865 1546 Ἵλλενεηλῆς
894 1445 952 1534 την
979 1444 1016 1485 τε
1043 1432 1168 1505 προῖκα

92 1515 303 1589 ἀποδίδωσιν
329 1516 447 1609 αύτης,
466 1520 650 1606 μετασχών
678 1524 738 1588 τοῦ
766 1520 858 1588 οίκου
885 1543 944 1639 της
965 1519 1193 1642 μισθηόσευις

92 1626 160 1688 τῶν
182 1623 316 1693 παίδων
338 1626 397 1691 τοῦ
420 1628 552 1705 Νικίου,
573 1626 630 1691 καὶ
651 1621 692 1691 τὰ
714 1621 850 1741 ἱμάτια,
875 1620 896 1686 α
889 1607 1064 1709 ηλθεν’
1048 1641 1167 1703 εχουσα

92 1717 178 1811 παρ’
205 1723 337 1805 εκεῐνον,
359 1726 415 1791 καὶ
436 1750 480 1794 τα
467 1722 708 1813 χρυσίδια,“
688 1751 709 1790 α
724 1721 825 1810 ην,ί
790 1723 809 1789 δ
811 1715 982 1791 ίδωσιν
944 1748 1037 1809 αντη
1081 1719 1165 1806 μετὰ
1183 1731 1219 1788 10

92 1826 130 1890 δὲ
144 1829 250 1893 ταῦτα
261 1825 382 1913 χρόνου
398 1825 660 1912 διαγενομένου)
646 1825 812 1897 εσκόπειο
802 1816 1031 1911 (Μενεκλῆῌ
1012 1847 1107 1901 οπως
1121 1849 1165 1911 μη

92 1926 204 1993 ἐ’σοιτο
221 1922 337 2007 ἅπαις,
354 1920 430 1992 ἀλλ’
448 1925 561 1995 δ’σοιτο
578 1921 668 2014 αύτῷ
682 1920 719 2006 ὅς
734 1951 786 2005 τις
802 1926 907 2006 ζῶντα
921 1924 1168 2015 γηροτροφήσοι

91 2031 149 2094 καλ
163 2028 404 2116 τελευτήσαντα
420 2027 537 2113 θάψαι
561 2026 660 2097 αὐτὸν
681 2031 738 2096 καὶ
761 2028 810 2106 εἰς
831 2027 890 2096 τὸν
912 2026 1030 2095 ἐ’πειτα
1049 2028 1168 2114 χρόνον

82 2129 136 2195 ,τὰ
158 2129 357 2215 νομιζόμενα
379 2123 471 2216 αύτῷ
498 2128 647 2216 ποιήσοι.
691 2130 797 2218 τούτῳ
826 2131 886 2215 μὲν
915 2117 972 2197 ούν
1000 2128 1088 2218 ἑώρα
1112 2128 1168 2196 ἕνα

93 2229 198 2315 μόνον
213 2229 286 2299 υιδν
303 2226 394 2312 όντα,
416 2224 504 2298 ὥστε
526 2226 693 2299 δδόκει’
656 2257 744 2319 αυτηι
769 2230 905 2318 αἰσχρὸν
927 2227 1014 2299 εἶναι
1036 2226 1168 2301 απαιδα

94 2335 212 2399 τοῦτον
227 2331 437 2400 καθιστάντα
452 2325 598 2422 αρρίνων
620 2339 686 2399 παί
673 2330 815 2400 ίδωνἰ
776 2354 865 2420 αυτηι
853 2333 1030 2410 κελεύειν
1052 2334 1169 2409 δούναι

93 2436 212 2500 τοῦτον
235 2433 513 2522 εἰσποιήσασθαι.
552 2427 699 2522 εύρισκεν
715 2421 772 2509 οὖν
787 2428 906 2503 ούδίνα
929 2430 1080 2503 όλλον’
1047 2434 1169 2503 οικειό-
1186 2446 1220 2500 11

92 2559 190 2622 τερον
212 2529 291 2603 όνθ
317 2560 412 2623 ημων
435 2534 552 2622 ἑαυτηι.
598 2522 766 2622 λόγους
730 2561 786 2603 ουν
801 2535 889 2624 πρὸς
905 2532 993 2623 ἡμᾶς
1009 2534 1168 2617 εποιεῖτο,

93 2639 152 2702 καὶ
174 2635 238 2725 ἐ’φη
260 2637 369 2704 δοκεῖν
393 2630 483 2723 αύτῷ
504 2638 612 2714 καλῶς
634 2635 735 2719 ἔχειν,
766 2635 882 2724 ἐπειδὴ
908 2629 1013 2714 ούτως
1037 2631 1167 2725 αύτηλὴ

94 2736 173 2826 τύχη
197 2742 314 2828 συνέβη
338 2731 425 2804 ὥστε
448 2736 483 2804 ἐκ
511 2742 570 2826 τῆς
598 2731 746 2826 ἀδελφῆς
773 2742 831 2827 τῆς
859 2735 1021 2827 ἡμετέρας
1043 2739 1170 2818 παῖδας

94 2832 188 2926 αύτῷ
208 2838 253 2928 μὴ
208 2839 483 2927 ιχενίσθαι,’
469 2866 503 2908 εκ
525 2840 646 2928 ταύτης
668 2865 726 2927 της
749 2839 903 2918 οἰκίας<
871 2839 944 2909 υιδν
964 2836 1055 2927 αὑτηι
1069 2841 1171 2930 ποιη-

84 2946 237 3026 ’σασθαη
260 2934 343 3009 ὅθεν
365 2944 421 3010 καὶ
445 2941 546 3070 ηνύσει
568 2942 694 3018 παῖδας
716 2931 927 3067 ἐβουληθη
905 2968 946 3009 αν
970 2938 1060 3028 αύτῷ
1080 2948 1170 3028 γενύ-

94 3048 198 3110 σθαι·
223 3039 334 3128 »ὑμῶν
357 3031 434 3112 οδν“
458 3042 523 3133 ε’φη
547 3041 802 3129 ,,βούλομαιτὸν
818 3042 928 3132 ε’τερον
942 3043 1168 3131 ποιήσασθαι,

92 3141 289 3233 όποτίρῳ’
272 3149 363 3230 υμῶν
384 3144 533 3222 καλοῦς”
515 3152 612 3228 εχει.“
657 3148 713 3216 καὶ
735 3171 753 3212 ο
743 3138 956 3232 ‘Mamas‘
939 3172 956 3213 ο
976 3139 1088 3230 ἒμδς’
1071 3144 1168 3213 ακού-
1186 3153 1221 3208 12

164 3390 228 3452 bsq.
246 3378 352 3436 ἄπαιδα
368 3399 481 3437 καταστ.
495 3399 568 3452 συγκ.
582 3376 659 3448 αύτῷ
671 3396 720 3434 om.
734 3380 754 3442 Q
773 3409 805 3420 -
824 3385 839 3434 6
857 3377 966 3446 ἀτυχῶν
977 3384 1029 3451 ἔφη
1042 3377 1123 3434 αύτδε
1139 3383 1169 3443 Q.

122 3465 125 3471 ’
165 3467 191 3523 8.
210 3472 273 3536 leq.
291 3469 370 3535 gloss.
386 3468 436 3521 del.
450 3466 554 3535 Sauppe
570 3495 604 3504 -
622 3469 637 3518 2
657 3461 766 3532 δηλαῖλ
784 3495 818 3504 -
834 3461 1036 3533 ἀποβάλλετοδ
1055 3496 1089 3504 -
1105 3485 1170 3519 τινα

93 3551 177 3613 01110
195 3582 228 3592 -
247 3545 390 3612 θαύτδνΟ
408 3581 441 3592 -·
459 3555 475 3604 6
492 3542 528 3604 ἂν
540 3549 597 3604 εδδ.
611 3548 670 3602 Dbr.
688 3578 722 3588 —
740 3549 852 3616 ποιῆσαι
865 3548 893 3610 0.
954 3549 980 3605 θ.
998 3551 1169 3620 4σφητίαιΑ

93 3667 128 3679 —-
151 3633 360 3694 λίπιδίδωσινι
380 3653 428 3689 em,
446 3635 553 3689 Jenicke
571 3664 603 3672 -
627 3626 709 3700 αδτῆε
726 3633 758 3688 de
776 3649 847 3689 meo:
865 3631 942 3687 αὐτοῦ
959 3665 992 3674 -
1010 3639 1025 3690 6
1043 3636 1103 3689 τῶν
1122 3638 1171 3690 Νι-

93 3726 152 3776 κίου
163 3721 212 3779 Bk.
230 3752 264 3761 —
283 3726 296 3775 7
316 3722 419 3773 ἐκείνου
431 3721 459 3782 Q.
525 3717 571 3779 ⁴10.
590 3721 605 3772 3
624 3716 717 3783 ζῶντά
728 3718 791 3790 χεΟ
810 3748 842 3759 -
860 3716 1057 3791 χηροτροφήσει
1068 3721 1089 3782 Q
1100 3725 1128 3774 εί
1141 3721 1170 3774 st.

92 3806 117 3867 ,Α
129 3811 140 3859 1
156 3835 189 3845 -
201 3810 217 3867 4
230 3799 372 3865 αύτδνοιυ.
385 3805 406 3866 Q
420 3835 450 3846 -—
465 3798 629 3870 ὅποιήσειλ)
642 3832 675 3844 -
688 3807 702 3856 7
716 3799 806 3870 αύτῷι
824 3801 911 3858 αύτῶ.
922 3804 945 3856 Α
957 3833 990 3845 ·—
1003 3809 1017 3856 ’ί
1031 3801 1131 3860 κελεύει
1140 3806 1169 3868 0.

95 3955 97 3958 Ι
163 3892 204 3944 11.
223 3895 245 3943 1.
258 3884 423 3961 ,εὑρίσκομεν
440 3889 460 3950 Q
479 3919 513 3927 -
535 3891 550 3942 2
569 3885 652 3942 αὐτῶ,
670 3888 693 3940 Α
711 3904 757 3956 pr„
780 3887 867 3942 ύαυτῶ
887 3894 981 3942 υσυαλ
1008 3918 1041 3928 -
1059 3893 1075 3943 3
1095 3886 1171 3958 αὐτῷ

94 3979 155 4042 post
173 3967 260 4026 ούταιε
277 3990 327 4027 om.
348 3973 367 4034 0
386 4003 419 4012 -
438 3978 453 4028 8
471 3968 605 4044 ὁποτέρα
623 3973 653 4026 Α.
722 3969 765 4027 12.
787 3977 798 4026 1
819 3967 833 4026 ὁ
850 3973 912 4042 ἐμὸς
930 3989 980 4026 om.
998 3972 1020 4023 Α

147 4066 230 4109 Imus.
969 4061 983 4110 2
