2626 4476
143 197 204 261 136
480 244 486 251 .
626 199 733 253 ΙΣΑΙΟΥ
1141 217 1176 259 οι.
1190 218 1219 260 11.

141 368 449 451 κατασκευάσαντα,
477 374 534 435 καί
560 394 636 436 τινα
664 375 781 436 κακίαν
804 374 1063 457 κατηγοροῦντα,
1092 363 1138 446 ὡς
1157 367 1216 458 ἐγώ

141 471 308 559 τεττάρων
331 464 439 538 ούσῶν
461 473 706 559 Στρατοκλέους
726 475 922 559 θυγατέρων
945 463 1086 558 οῦδεμιᾷ
1107 473 1218 556 τολμῶ

142 576 389 661 συνευπορῆσαι
417 572 572 661 προικός,
603 576 658 641 καλ
686 566 782 640 ταῦτ>
809 571 900 655 ἐ’χων,
929 567 976 649 ὡς
1004 566 1101 650 οὗτός
1124 596 1215 662 φησι,

90 684 127 741 88
142 673 184 740 τὰ
212 678 272 742 τοῦ
300 675 450 742 παιδίου.
494 669 660 760 βούλομαι
689 673 728 765 δῆ
751 677 807 742 καὶ
835 677 915 761 περὶ
944 673 1071 741 τούτων
1093 673 1216 742 εἰπεῖν·

142 776 271 859 ἐλπίζει
297 776 359 865 γὰρ
389 775 446 843 διὰ
468 781 534 844 τῶν
558 776 663 864 λόγων
687 775 761 862 ἐμοὶ
783 781 844 860 μέν
865 803 941 844 τινα
969 775 1104 865 φθόνον
1126 776 1218 864 γενῆ-

142 886 268 948 σεσθαι
289 873 375 969 παρ’
393 875 485 965 ύμυῦν
509 883 589 967 περὶ
610 883 678 947 τῶν
699 884 1010 968 προσγεγενημένων
1029 878 1217 968 χρημάτων,

141 997 213 1064 τοῖς
236 982 272 1049 δέ
293 984 415 1048 παισλν
437 980 538 1064 ἐ’λεον,
563 970 603 1048 δν
620 976 745 1068 ῦποροι
767 973 851 1068 παρ’
869 977 946 1065 ύμῖν
962 977 1050 1049 εἶναι
1065 979 1217 1058 δόξωσιν.

142 1081 259 1153 οῦκουν
283 1077 444 1172 ῦγνοῆσαι
466 1083 519 1150 δεῖ
538 1086 619 1170 περὶ
642 1077 750 1150 αῦτιῦυ
778 1079 865 1168 ῦμῦς
887 1075 992 1163 οῦδέν,
1023 1075 1099 1148 ἀλλ’
1127 1075 1218 1170 ἆκρι·

140 1189 210 1272 βοῦς
231 1187 288 1252 καὶ
308 1188 414 1250 ταῦτα
441 1189 576 1268 μαθεῖν,
606 1176 653 1251 ἵν’
680 1176 793 1273 εἰδῆθ’
820 1176 875 1251 δτι
897 1182 1075 1270 ψεύδεται,
1104 1175 1218 1270 ὥσπερ

142 1278 298 1374 καὶπερὶ
321 1288 388 1353 τιῦν
412 1280 521 1352 ῦλλων
540 1286 545 1370 Ι
566 1280 734 1352 ἁπάντων.
779 1283 841 1371 ἐγώ
864 1284 927 1373 γὰρ
943 1280 1024 1370 (όν),
1046 1270 1073 1350 ὦ
1093 1279 1217 1374 ἄνδρες,

142 1387 279 1456 πάντων
313 1383 559 1475 δμολογῆσαιμι
591 1383 679 1456 εἶναι
710 1386 881 1465 κάκιστος,
916 1383 946 1453 εἰ
976 1388 1219 1474 Στρατοκλέους

143 1485 257 1579 ἄπορα
278 1489 320 1556 τὰ
336 1490 518 1578 πράγματα
531 1488 776 1567 καταλιπόντος
792 1481 892 1566 αῦτός
914 1483 1058 1575 εῦπορος
1072 1478 1120 1556 ὢν
1142 1488 1218 1576 [καὶ]

141 1592 307 1681 μηδεμίαν
336 1589 530 1676 ἐπιμέλειαν
558 1590 760 1676 ποιούμενος
789 1596 972 1679 φαινοίμην
1000 1593 1067 1656 τῶν
1096 1587 1218 1659 ἐκείνου

90 1693 287 1761 ῖθπαίδων.
340 1692 370 1760 εἰ
397 1693 433 1759 δὲ
461 1695 603 1760 πλείονα
630 1694 807 1759 κατέλιπεν
837 1684 952 1770 αύτοῖς
978 1690 1021 1757 τὰ
1051 1686 1133 1758 όντα
1154 1695 1219 1757 τῶν

142 1794 231 1880 έμιῦν
251 1797 308 1861 καὶ
328 1794 544 1882 βεβαιότερα,
577 1797 632 1860 καί
654 1797 760 1860 ταῦτα
781 1786 918 1860 τοσαῦτ’
945 1790 1034 1859 ἐστὶν
1057 1785 1144 1859 ὥστε
1166 1794 1218 1859 καὶ

141 1894 203 1974 τὰς
224 1899 414 1983 θυγατέρας
436 1893 473 1974 ἐξ
493 1889 603 1962 αῦτιῦν
626 1895 799 1962 διαθεῖναι
820 1896 930 1971 καλῶς
950 1897 1008 1961 καὶ
1030 1893 1090 1962 τόν
1112 1893 1219 1961 παῖδα

136 1996 265 2065 ,ἐκτῶν
289 1999 417 2064 λοιπῶν
439 1997 541 2086 μηδέν
563 1989 661 2084 ῆττον
685 1992 771 2063 εἶναι
793 1995 965 2078 πλούσιον,
996 1994 1219 2081 έπιμελοῦμαί

140 2125 178 2166 τε
198 2103 316 2167 τοῦτον
337 2099 396 2167 τόν
417 2098 544 2181 τρόπον
568 2091 678 2166 αῦτιῦν
700 2090 787 2167 ὥστε
809 2102 865 2165 καὶ
893 2101 1011 2186 πολλῆ
1037 2101 1146 2168 πλείω
1168 2125 1218 2188 γε·

143 2207 266 2270 νίσθαι
286 2199 347 2289 τῆν
370 2193 497 2282 οῦσίαν,
521 2198 657 2278 εἰκότως
677 2201 737 2284 μὲν
753 2193 811 2266 οῦκ
834 2189 874 2267 δν
897 2199 1007 2286 ἔχοιμι
1027 2207 1167 2288 μέμψιν,
1191 2201 1224 2268 εί

142 2303 186 2391 μῆ
217 2297 389 2387 τόμαυτοῦ
411 2307 623 2392 προστίθημι
644 2304 792 2383 τούτοις,
822 2302 936 2389 σῴζων
964 2303 1002 2370 δὲ
1030 2303 1072 2370 τὰ
1095 2305 1219 2372 τούτων

90 2423 129 2480 4⁰
141 2409 198 2474 καὶ
220 2407 328 2472 πλείω
357 2409 468 2473 ποιων
497 2404 635 2485 δικαίως
658 2395 698 2473 δν
721 2403 931 2494 ἐπαινοίμην.
976 2397 1030 2475 δτι
1058 2405 1219 2473 δὲταῦτα

143 2501 249 2588 οῦτως
277 2507 358 2591 ἐ’χει,
387 2508 512 2598 ῥᾳδίως
541 2507 711 2587 ἐπιδείξω.
761 2511 896 2596 πρῶτον
926 2507 987 2592 μὲν
1018 2493 1076 2575 οῦν
1098 2507 1140 2575 τὰ
1162 2511 1219 2596 τῆς

143 2605 260 2689 οῦσίας
283 2609 439 2695 διέξειμι,
467 2608 552 2695 μετὰ
576 2611 738 2677 δὲταῦτα
761 2605 807 2688 αῖς
828 2612 885 2677 καὶ
908 2609 1045 2678 διοικεῖν
1073 2603 1157 2688 ῦξιιῦ
1179 2607 1218 2675 τό

141 2717 203 2780 τοῦ
225 2711 376 2790 παιδός.Ἰ

227 2815 429 2898 Στρατοκλεῖ
447 2812 510 2901 γὰρ
524 2805 626 2897 κόιμολ
640 2811 682 2878 τὰ
697 2813 757 2897 μὲν
779 2808 976 2901 ῦπόρξαντα
998 2817 1142 2901 πατρῷα
1164 2839 1218 2880 το·

144 2917 249 2981 σαῦτα
271 2900 320 3002 ῆν,
343 2905 430 2980 όίστε
453 2909 540 2980 εἶναι
560 2913 621 2998 μὲν
644 2906 725 2999 [ούχ]
750 2912 862 2995 ἱκανά,
887 2915 1087 3002 λειτουργεῖν
1118 2911 1217 2999 δὲμὴ

144 3013 232 3097 ῦξια.
276 3015 452 3105 τεκμήριον
474 3015 526 3081 δέ·
561 3015 667 3083 εἴκοσι
694 3019 780 3099 μνᾶς
802 3015 956 3104 ἑκάτερος
982 3013 1077 3105 ἡμῶν
1100 3016 1159 3085 ἐπὶ
1179 3018 1218 3102 τῆ

142 3121 272 3206 γυναικὶ
293 3108 417 3207 προῖκα
440 3116 547 3203 ἔλαβε,
569 3117 714 3208 τοσαύτη
738 3118 774 3185 δὲ
796 3117 900 3206 προὶξ
920 3112 979 3186 οῦκ
1000 3109 1041 3185 ῦν
1064 3119 1114 3197 εἰς
1135 3121 1217 3187 πολ·

33 3269 41 3277 ε
91 3236 127 3292 41
145 3220 203 3308 λῆυ
224 3247 301 3288 τινα
324 3213 441 3288 οῦσίαν
464 3220 594 3310 δοθείη.
632 3225 750 3310 συνέβη
775 3220 812 3287 δὲ
826 3222 1027 3310 Στρατοκλεῖ
1047 3221 1136 3309 πρὸς
1151 3235 1218 3300 τοῖς

142 3318 330 3410 ῦπύρχουσι
357 3323 461 3390 πλέον
492 3311 513 3410 ῆ
541 3315 644 3388 πένθ’
670 3317 903 3409 ῆμιταλύντων
941 3315 1058 3390 οῦσίαν
1089 3325 1216 3409 λαβεῖν·

146 3428 288 3515 Θεοφιῦν
309 3422 372 3513 γὰρ
395 3419 412 3491 ό
436 3427 495 3512 τῆς
516 3422 669 3509 γυναικὸς
691 3417 793 3489 αύτοῦ
816 3416 963 3512 ἆδελφδς
992 3418 1217 3513 ἀποθνῄσκων

189 3683 193 3693 ‚
229 3610 487 3688 διατηγοροῦντοεε
512 3627 561 3664 em.
586 3610 675 3680 Steph.
762 3611 808 3668 38.
827 3616 840 3666 1
860 3608 894 3680 δὴ
918 3629 982 3666 corr.
1002 3616 1025 3679 2,
1050 3608 1109 3667 δεῖν
1132 3629 1169 3681 pr.
1187 3639 1217 3652 ·-

142 3695 252 3749 τούτων
268 3699 328 3749 τῶν
345 3697 406 3750 Nbr.
431 3726 463 3735 -
487 3699 583 3764 3περὶ
605 3697 664 3749 τῶν
688 3713 838 3768 προσγεγεν
856 3699 882 3751 in
900 3713 950 3751 ras,
966 3702 982 3751 9
1001 3697 1051 3751 litt.
1071 3714 1135 3752 corr.
1155 3702 1167 3750 1
1187 3724 1218 3735 -

143 3775 212 3833 ῖᾶν
230 3779 287 3834 εδδ.
306 3780 364 3833 Dbr.
381 3808 416 3819 —
434 3784 449 3835 8
466 3780 504 3834 εἰ.
522 3797 560 3849 pr.
578 3810 611 3820 -
630 3783 645 3834 9
663 3784 709 3833 καλ
727 3781 777 3836 del.
795 3781 882 3837 Baiter
963 3780 1010 3837 89.
1029 3786 1043 3836 ῦ
1062 3779 1113 3835 τὸν
1129 3798 1150 3839 s.
1168 3783 1216 3834 m

228 3864 371 3922 maai
389 3881 410 3922 s.
428 3859 689 3930 ν.1--6οῦχ
705 3866 756 3919 del.
776 3865 838 3921 Rsk.
857 3863 1010 3935 -μῆεη,
1029 3871 1058 3920 1:
1077 3868 1155 3920 immo
1172 3861 1219 3919 οῦκ

142 3945 206 4012 ἄξια
229 3949 348 4004 Schoem.
416 3950 460 4006 41.
480 3955 494 4004 3
513 3946 659 4022 θεόφροννε
679 3967 727 4005 em.
746 3951 804 4008 Ald.
