2626 4476
145 218 207 278 114
634 219 743 273 mmor
906 266 910 271 .
942 264 946 268 .
1154 235 1189 278 01.
1200 235 1228 282 0..

91 398 127 455 27
227 384 281 469 Ὡς
308 389 368 473 μὲν
399 374 456 455 οῦν
485 380 543 456 οῦκ
571 387 655 454 εἰσὶν
685 380 827 476 άληδεῑς
855 388 891 454 αί
924 388 1105 477 διαθῆκαι,
1137 380 1220 455 άλλδι

144 494 261 558 Κλέων
290 493 346 557 καὶ
369 485 529 580 Ἱεροκλῆς
556 489 732 574 βούλονται
762 486 849 575 ῦμᾶς
877 488 1102 579 ἐξαπατῆσαι,
1135 483 1217 557 καθ’

144 587 224 661 ὅσον
254 591 418 715 ἐδυνάμην
446 585 624 670 ἐπέδειξα·
654 616 701 669 ως
724 586 756 658 δ
782 592 889 660 εἶκαὶ
916 593 1019 715 μρδὲν
1041 587 1219 719 προσήκων

144 695 257 780 ἐτυχον
271 688 430 816 Ἀστυιγί
401 695 471 781 ίλιμ,
496 688 747 782 δικαιάτερός’
717 719 787 778 ειμι
809 694 894 778 ἐχειν
914 693 957 761 τὰ
980 693 1105 762 ἐκείνοιν
1128 720 1148 783 6
1166 720 1219 761 ου

26 845 29 850 ‹
142 823 206 879 τοι,
231 791 394 876 διδάξω(
377 799 473 880 υμᾶς
518 788 574 862 ὅτε
595 793 657 884 γὰρ
681 794 846 882 ἐλάμβανε
864 796 1083 886 Θεόφραστος
1105 822 1124 864 ο
1112 793 1221 881 “ἐμὸς

143 897 256 1020 πατὴρ
279 897 338 987 τὴν
358 896 442 1021 ἐμὴν
463 902 589 988 μητέρα
611 899 665 964 καὶ
682 891 826 987 Ἀστυφί
813 900 885 966 ίλου
878 897 1002 988 παρά
1014 895 1219 986 Ἱεροκλέους,

71 1041 77 1050 -
143 988 230 1090 ἦλθε
251 1003 308 1068 καί
331 994 431 1067 αῦτδν
453 999 577 1068 ἐκεῖνον
599 999 718 1122 ἐχουσα
740 1000 858 1088 μικρὸν
880 996 971 1083 ὄντα,
1000 1004 1056 1068 καὶ
1084 1001 1219 1090 διῃτᾶτο

143 1128 214 1189 παρ
254 1098 337 1224 ἡμῖν
363 1100 421 1168 τὸν
451 1095 585 1169 ἅπαντα
610 1102 729 1191 χρόνον
752 1129 769 1168 ο
758 1097 1010 1192 “Άστῦφιλος,
1040 1103 1137 1170 καλ’
1122 1127 1220 1171 επαι-

91 1212 129 1269 28
145 1199 289 1293 δεῦδιγζ
272 1202 339 1269 υπὸ
363 1207 423 1271 τοῦ
444 1202 575 1292 πατρὸς
596 1209 655 1271 τοῦ
678 1203 768 1288 ἐμοῦ.
805 1209 861 1272 καὶ
885 1204 1001 1292 ἐπειδὴ
1025 1203 1127 1291 ίγώ’
1113 1204 1219 1291 εγενό-

143 1331 207 1394 μην
236 1307 290 1371 καί
322 1297 412 1393 ώραν
435 1302 522 1389 είχον
544 1305 787 1388 παιδεύεσθαι,
811 1302 885 1392 μετ’
912 1307 1037 1375 ἐκείνου
1060 1331 1219 1374 συνεπαι-

144 1405 295 1495 δευόμην.
340 1409 440 1492 Λαβέ
470 1408 506 1475 δέ
527 1433 587 1492 μοι
609 1408 731 1497 ταύτην
752 1407 812 1496 τὴν
835 1415 1028 1498 μαρτυρίαν,
1060 1406 1134 1476 εἶτα
1155 1412 1218 1476 τών

144 1508 352 1577 διδασκάλων
375 1503 443 1598 ὅπῃ
468 1509 664 1599 ἐφοιτώμεν.

567 1632 796 1685 ΜΑΡΤΥΡΙΑΙ.

232 1713 278 1781 Τδ
301 1720 412 1781 τοίνυν
437 1720 560 1801 χωρίον
589 1713 626 1780 τδ
652 1713 776 1782 ἐκείνου
799 1719 967 1802 πατριγῦον,
995 1702 1021 1780 ώ
1045 1710 1179 1800 ἄνδρες,
1200 1709 1217 1780 6

142 1813 254 1903 πατὴρ
278 1810 295 1880 6
321 1813 399 1899 ἐμὸς
424 1813 583 1903 ἐφύτευσε
596 1819 652 1883 καί
674 1814 825 1904 ἐγεώργει
840 1820 896 1884 καὶ
912 1816 1023 1884 ἐποίει
1038 1817 1217 1884 διπλασίου

144 1911 247 1996 άξιον.
292 1909 453 2006 Ἀνάβητέ
474 1943 533 2001 μοι
555 1920 611 1984 καὶ
633 1918 759 1984 τούτων
781 1919 953 2008 μάρτυρες.

568 2039 790 2092 ΜΑΡΤΥΡΕΣ.

92 2130 128 2186 29
226 2113 319 2187 Ἐπεὶ
340 2125 451 2187 τοίνυν
475 2118 683 2208 ἐδοκιμάσθη
707 2116 724 2187 6
749 2114 911 2212 ἀδελφός,
936 2121 1086 2209 ἀπέλαβε
1108 2122 1218 2190 πάντα

144 2213 259 2309 ὀρθῶς
279 2222 334 2286 καὶ
359 2222 509 2303 δικαίως,
540 2214 626 2288 ὥστε
649 2220 772 2289 ἐκεῖνον
794 2223 1021 2346 μηδεπώποτε
1042 2226 1147 2316 μηδὲν
1169 2225 1216 2345 ἐγ-

141 2323 280 2388 καλέσαι
302 2348 348 2409 τιγ
373 2321 442 2409 ἐμώ
465 2330 579 2444 πατρί.
616 2321 700 2408 μετὰ
723 2324 759 2390 δέ
781 2329 886 2393 ταῦτα
908 2325 967 2414 τὴν
991 2321 1195 2416 άδελιγὴν
1162 2352 1217 2414 την

143 2422 267 2493 ἐκείνου
296 2420 553 2545 δμοπατρίαν’
536 2425 695 2515 ηγγῦησεν
724 2421 741 2493 δ
767 2424 846 2510 ἐμὸς
874 2427 985 2516 πατὴρ
1014 2421 1082 2516 ῦτω
1113 2428 1214 2496 ἐδόκει

144 2520 243 2614 6666,
266 2553 320 2594 και
311 2513 442 2594 τᾶλλα
466 2527 588 2614 διώκει,
611 2531 787 2595 καὶταῦτα
800 2554 848 2614 σιμ
829 2523 1045 2652 ι’Άσνυρμί
994 2531 1056 2597 ίλιι
1076 2528 1214 2619 ἐξήρκει

143 2627 256 2717 ἱκανὴν
278 2628 341 2716 γὰρ
362 2625 508 2717 ἡγήσατο
536 2630 684 2714 βάσανον
707 2626 929 2718 είληφέναι’
911 2629 980 2697 απδ
1008 2635 1067 2699 τοῦ
1090 2628 1216 2720 πατρὸς

141 2734 201 2797 τοῦ
231 2729 311 2815 ἐμοῦ
339 2735 397 2818 τῆς
427 2730 474 2810 εἷς
498 2727 598 2798 αῦτδν
621 2724 811 2813 εῦνοίας,’
797 2757 832 2798 εκ
860 2737 979 2819 μικροῦ
1000 2735 1144 2802 παιδίον
1166 2758 1215 2800 τε·

141 2836 337 2920 θραμμένος
358 2826 442 2919 παρ’
462 2827 560 2918 αῦτιγῦ.
596 2837 801 2920 μαρτυροῦσι
824 2834 860 2900 δέ
881 2831 959 2919 ῦμῑν
980 2839 1036 2903 καὶ
1059 2839 1140 2922 περὶ
1161 2838 1217 2922 τῆς

142 2932 256 3021 ἐγγύης
278 2933 311 2999 οἱ
334 2933 467 3012 εἰδότες.

569 3039 791 3093 ΜΑΡΤΥΡΕΣ

90 3147 128 3204 30
227 3134 286 3214 Εἰς
308 3140 419 3203 τοίνυν
440 3134 483 3201 τά
514 3135 586 3255 ίερδι
609 3133 626 3256 6
650 3135 803 3227 πατὴρδ
825 3138 913 3264 ,ἐμὸς
935 3138 994 3206 τδν
1022 3133 1217 3266 Ἀστύφιλρν

142 3233 290 3303 παῖδα’
273 3260 364 3323 ηγεγ
365 3230 435 3304 ιεδ
461 3235 580 3306 ἑαυτοῦ
603 3233 718 3327 ὥσπερ
740 3243 796 3307 καὶ
819 3239 835 3306 ἐ
835 3241 1069 3328 μέπανταχγ·
1091 3240 1199 3309 καλ’
1171 3265 1217 3318 εις

141 3336 219 3416 τοὺς
245 3338 392 3418 θιάσους
419 3338 497 3419 τοῦς
515 3336 756 3429 Ἡρακλέους’
742 3355 864 3410 ἐκεῖνον
891 3336 1015 3430 [αῦτὸν]
1047 3343 1216 3433 εἰσήγαγεν

210 3625 252 3680 2ί.
272 3629 286 3678 3
305 3625 443 3697 πρσσῆκον
457 3642 505 3693 pr.‚
519 3642 583 3683 corr.
594 3631 617 3681 2.
687 3627 761 3684 263
780 3629 839 3683 εἶτα
857 3629 908 3697 τὴν
920 3631 979 3684 τῶν
996 3631 1059 3685 Βείσ
1076 3662 1112 3672 -
1131 3636 1146 3686 4
1165 3625 1215 3695 ἐπα

140 3726 187 3778 pr„
205 3727 230 3761 οι
249 3725 325 3776 supra
342 3730 359 3777 6
377 3711 436 3764 add.
456 3715 468 3764 1
493 3739 528 3750 -
551 3715 565 3765 5
585 3712 624 3766 tit.
644 3719 792 3786 μαρτυρίας
811 3730 859 3770 em.
878 3715 941 3768 Rsk.
1015 3715 1061 3771 29.
1081 3720 1096 3771 8
1117 3736 1215 3789 μαρτυ-

140 3789 253 3864 ρήσουσι
265 3793 342 3847 Schb.
361 3825 394 3835 -
412 3800 471 3864 post
483 3791 514 3849 66
526 3811 590 3850 erae.
602 3801 647 3850 καί
665 3826 698 3837 -—
716 3794 793 3867 ἡμῖνι
813 3814 861 3852 em.
872 3799 976 3868 Sauppe
993 3830 1026 3841 -—
1047 3806 1079 3855 10
1099 3804 1136 3855 [it.
1152 3819 1216 3870 μορ
1258 3806 1262 3815 ’

139 3882 220 3950 τυρία
304 3877 384 3934 863
408 3876 552 3934 θιασώτας
571 3882 673 3952 Sauppe
695 3913 729 3922 —
753 3879 838 3937 αὐτὸν
856 3885 906 3938 del.
923 3885 990 3950 Ald„
1014 3889 1059 3936 καὶ
1082 3880 1169 3939 αῦτδν
1185 3885 1215 3936 ci.

138 3962 257 4018 Schoem.
