2626 4476
141 239 180 300 18
621 242 729 297 ΙΣΛΙΟΥ
1149 260 1186 301 οι.
1200 258 1224 300 ο.

140 434 201 491 σας
223 415 338 493 ταῦτα,
362 409 490 500 [ἐπειδὴ
508 419 731 501 προετίμησεν
752 406 873 490 αὐτοὺς
893 410 1053 530 πόντωγ,]
1078 410 1224 499 ἐπῄνεσέ

139 537 176 579 τε
197 511 276 635 τηύς
298 511 415 598 λόγους
438 506 554 596 αὐτοῦ,
584 516 638 580 καί
669 507 810 582 είπεν“
791 539 844 581 στι
874 506 1027 581 δέοιτο“
1005 539 1024 600 η
1049 537 1086 580 τε
1107 509 1223 601 ἡλικία

139 617 194 681 καὶ
216 610 236 702 5
260 618 416 702 παροῦσα
439 613 559 704 ἐρημία
582 615 707 685 ἐκείνου
736 619 796 682 τοῦ
821 613 1095 702 θεραπεύσοντος
1117 607 1223 682 αότδν

139 718 196 782 καὶ
219 714 500 838 ἐπιδημήσρντσς
531 715 661 839 ,ἐμηλγ
662 718 708 785 ινὲ
731 702 809 784 σόν“
832 714 896 806 ἐφη
919 722 1065 801 ,σομβαί
1067 741 1116 784 νει
1132 710 1223 783 ἄπο·

142 817 222 905 δημί
223 843 260 899 α,
291 812 337 895 ιδς
366 816 405 884 οὐ
429 813 551 884 οἶσθα
587 815 605 886 5
636 817 672 884 δὲ
702 811 850 906 όιδελφὸς
872 813 1008 885 οὗτοσί“
1036 816 1222 905 ἐμὲίέγων

142 921 228 998 ,τῶν
249 943 286 986 τε
309 922 376 986 σῶν
399 916 639 1006 ἐπιμελήσεται
659 921 714 986 καὶ
738 923 804 985 των
820 917 956 1004 55555
959 917 999 985 διν
1020 918 1123 1008 βσόλη
1139 922 1221 986 τοῦ·

140 1045 198 1087 τον
220 1019 468 1107 ποιησασθαι.“
512 1024 569 1088 καὶ
591 1017 608 1086 5
633 1023 807 1108 Μενεκλῆς
827 1023 937 1098 καλῶς
959 1019 1023 1108 ἐφη
1048 1014 1150 1088 αὐτὸν
1166 1023 1222 1088 λέ·

141 1145 221 1207 γειν,
244 1124 299 1187 καὶ
323 1120 356 1188 ἐκ
377 1125 438 1187 τοῦ
459 1121 588 1205 τρόπου
610 1122 730 1189 τούτου
752 1128 904 1190 ποιεῖταί
925 1147 977 1206 με.

89 1229 125 1286 13
225 1217 279 1300 Ὡς
302 1208 464 1290 οὖνκατὰ
486 1222 564 1301 τοὺς
587 1223 708 1308 νόμους
730 1222 858 1346 ἐγένετη
886 1219 906 1311 ἡ
937 1229 1093 1310 ποίησις,
1121 1227 1224 1292 τοῦτο

142 1319 229 1407 όμᾶς
256 1323 422 1408 βούλομαι
453 1324 595 1403 διδάξαι.
643 1332 700 1392 καί
728 1351 788 1410 μοι
815 1324 873 1392 τὸν
904 1325 1005 1410 νόμον
1037 1318 1223 1412 ἀνάγνωθι,

143 1424 181 1502 ὃς
202 1423 327 1492 κελεύει
349 1424 390 1490 τὰ
413 1424 534 1492 ἑαυτοῦ
557 1424 679 1504 ἐξεῖναι
708 1420 946 1494 διοθέσθαι”
928 1450 1023 1503 οπως
1045 1416 1086 1493 όν
1108 1424 1223 1515 ἐθέλη,

144 1525 201 1594 ἐὰν
229 1526 273 1613 μὴ
304 1523 475 1606 παῖδες”
454 1551 586 1616 αρρενες
614 1513 678 1595 ὦσι
706 1527 846 1616 γνήσιοι.
892 1523 995 1645 όγὰρ
1025 1533 1222 1618 νομοθέτης,

143 1615 169 1694 5
195 1623 321 1715 ἅνδρες,
346 1626 402 1696 διὰ
424 1632 522 1696 τοῦτο
544 1627 603 1695 τὸν
619 1628 722 1713 νόμον
737 1629 856 1717 έθηκεν
879 1620 993 1710 οὕτως,
1017 1625 1105 1716 όριδν
1118 1629 1224 1719 μόνην

144 1729 267 1818 ταύτην
288 1729 480 1818 καταφυγὴν
503 1716 606 1796 οὖσαν
628 1733 687 1817 τῆς
710 1729 848 1819 ἐρημίας
868 1733 924 1798 καί
944 1729 1150 1818 παραψυχὴν
1165 1735 1225 1799 τοῦ

144 1838 220 1951 5505
243 1843 314 1907 τοῖς
338 1826 462 1897 όπαισι
483 1834 550 1896 τῶν
573 1824 777 1919 ἇνθριόπων,
800 1830 837 1899 τὸ
862 1831 984 1910 ἐξεῖναι
1005 1833 1224 1921 ποιήσασθαι

91 1942 128 1997 14
146 1926 184 2000 όν
207 1957 284 2000 τινα
311 1921 351 1997 55
378 1931 575 2017 βούλωνται.
627 1920 853 2001 διδόντων
816 1959 873 2000 ουν
901 1937 968 2001 τῶν
995 1934 1105 2019 νόμων
1130 1929 1225 2023 αὐτῷ

145 2048 240 2103 ποιεῖ
227 2039 327 2102 ῖσθαι
350 2031 464 2101 διὰ
429 2059 467 2100 το
493 2029 579 2100 εἶναι
602 2029 744 2116 δίπαιδα,
769 2033 826 2118 ἐμὲ
841 2049 1001 2118 ποιεῖται,
1025 2029 1083 2103 οὐκ
1098 2035 1132 2103 ἐν
1150 2037 1225 2105 δια-

144 2137 283 2224 θήκαις,
313 2133 339 2200 5
325 2121 493 2252 ἄνδρες,
517 2133 661 2222 γράψας,
683 2138 813 2220 μέλλων
836 2130 1129 2226 ἀποθνῄσκειν,ί
1109 2132 1225 2226 ω’σπερ

147 2235 244 2306 ἄλλοι
265 2237 352 2314 τινὲς
374 2239 441 2302 τῶν
464 2237 629 2319 πσλιτῶν,
660 2230 734 2304 055³
762 2231 929 2305 ἀσθενῶν·
954 2232 1028 2305 ἀλλ’
1054 2234 1224 2325 ὑγιαίνων,

147 2327 181 2407 εό
212 2341 361 2427 φρονοῦν,
392 2323 426 2404 εὗ
455 2341 557 2419 νοῶν,
587 2338 816 2428 ποιησάμενος
846 2340 1010 2426 εἰσάγειγ
1011 2366 1040 2407 ιε
1070 2339 1118 2421 εἰς
1148 2340 1227 2420 τοὺς

147 2441 316 2564 φρότερας
338 2438 516 2525 παρόντων
537 2438 674 2523 τούτων,
696 2443 751 2507 καί
776 2440 824 2519 είς
845 2440 924 2520 τούς
946 2442 1093 2532 δημότας
1113 2468 1157 2526 με
1173 2442 1225 2530 ἐγ-

94 2554 130 2609 15
148 2543 271 2632 γράφει
292 2544 347 2608 καί
372 2540 420 2618 είς
449 2539 527 2618 τούς
550 2533 738 2661 όργεώνας.
769 2545 825 2609 καὶ
847 2542 924 2610 τότε
945 2545 1005 2628 μὲν
1027 2537 1165 2611 05555'
1147 2571 1226 2613 αντ-

147 2647 258 2731 έλεγον
282 2636 369 2763 αόνῳ
394 2636 488 2708 οὗτοι
516 2638 562 2719 ὡς
591 2628 738 2727 (οὒκ)
705 2667 740 2708 εν
769 2647 965 2771 φρηνοόντι·
997 2651 1109 2712 καίτοι
1136 2647 1227 2712 πολὺ

146 2743 321 2813 κόλλιον’
303 2770 344 2832 ην
368 2744 473 2823 ζῶντα
489 2741 656 2810 πείθειν’
642 2757 773 2830 εκεῖνσν,
798 2745 831 2812 εί
842 2771 876 2812 τι
890 2745 1075 2830 βούλοιντο,
1098 2749 1228 2831 μᾶλλον

147 2838 167 2934 5
162 2837 434 2934 τελευτήσαντα
456 2841 600 2932 ὑβρίζειν
622 2848 679 2912 καὶ
700 2844 877 2936 ἐξερημοῦν
906 2840 1007 2914 αέποῦ
1035 2846 1094 2914 τὸν
1124 2845 1225 2916 οίκον.

149 2947 275 3033 ἐπεβίω
297 2944 359 3033 γὰρ
383 2944 505 3024 ἐκεῖνος
526 2945 611 3030 μετὰ
633 2945 693 3035 τὴν
715 2954 854 3038 ποίησιν
877 2941 935 3015 οὐκ
958 2947 1109 3016 ἐνιαυτὸν
1132 2939 1226 3038 ἐναῆ

150 3050 225 3131 550,
254 3041 338 3114 ἀλλὰ
360 3055 438 3137 τρία
459 3050 515 3115 καλ
538 3048 662 3116 ε’ίκοσιν
685 3049 758 3138 ἐτη·
795 3053 858 3139 ,καὶ
888 3049 921 3116 ἐν
948 3049 1056 3137 τούτῳ
1078 3055 1125 3137 την
1146 3049 1227 3140 χρό-

150 3177 206 3237 νῳ,
229 3148 379 3236 τοσούτῳ
395 3145 477 3231 όντι,
491 3142 586 3217 οὐδέν
602 3148 725 3228 ἐκεῖνος
738 3155 884 3237 μετέγνω
899 3156 966 3219 τῶν
980 3158 1228 3240 πεπραγμένων

974 3259 977 3285 ί

220 3390 235 3440 2
254 3387 333 3454 gloss.
346 3386 396 3440 del.
408 3387 466 3442 Dbr.
479 3417 512 3426 -
525 3392 540 3442 4
558 3391 604 3440 καὶ
616 3392 675 3441 ante
688 3381 705 3453 5
716 3404 766 3441 om.
780 3387 800 3449 0
818 3417 851 3429 -
869 3382 1095 3460 θεραπεύσαντος
1106 3389 1129 3441 A
1141 3405 1180 3457 pr.
1192 3417 1226 3429 -

151 3479 165 3526 5
179 3468 396 3539 ἐπιδημήσαντος
408 3472 428 3534 Ο
441 3502 474 3511 -
487 3474 539 3543 ἔφη
552 3488 601 3525 om.
617 3471 637 3532 Q
655 3500 689 3512 ·—
707 3476 868 3540 συμβαίνειν
880 3467 1073 3542 ἆτισδημίανΑ
1087 3477 1146 3525 -Ἱ
1163 3467 1226 3542 βοό·

152 3554 190 3608 λει
209 3558 231 3608 A
248 3585 281 3595 -—
301 3559 316 3610 8
333 3560 379 3608 καί
397 3551 411 3609 5
430 3572 480 3610 orn.
499 3555 528 3616 Q.
597 3554 641 3610 18.
662 3559 674 3608 1
694 3557 849 3626 ίπιγένοτοτ
868 3573 915 3611 em.
934 3556 993 3610 Dbr.
1012 3586 1045 3597 -
1064 3561 1079 3611 2
1097 3553 1226 3626 βούλεται

151 3640 223 3714 Q}-
240 3636 289 3693 τὸν
306 3638 391 3708 νόμον
409 3638 493 3694 αὐτὸν
506 3641 526 3702 Q
540 3646 598 3694 test.
612 3639 664 3693 Mai
682 3669 716 3679 —
734 3643 749 3693 3
768 3633 884 3702 αὐτοῦς)
903 3670 935 3681 -
954 3646 969 3696 5
986 3637 1088 3710 μόνηνε
1105 3640 1225 3710 μόνννδ

152 3755 184 3764 -
204 3728 219 3779 8
237 3717 343 3779 55:555
361 3727 391 3778 A.
477 3724 521 3780 14.
541 3730 552 3778 1
574 3719 650 3790 αὐτῷ
667 3723 728 3776 τῶν
745 3719 839 3792 νόμων
857 3725 878 3786 Q
895 3754 930 3764 -
952 3730 968 3780 4
986 3723 1111 3779 πολιτῶν
1127 3726 1162 3779 A:
1180 3721 1226 3780 όν-

152 3807 282 3880 θριόπων
299 3809 378 3876 vulgo
395 3838 430 3848 -
448 3813 462 3861 7
480 3805 617 3881 ὄριγῶναε
629 3806 659 3875 Q,
677 3809 720 3877 qui
739 3808 777 3862 sic
794 3813 820 3863 et
837 3808 910 3863 infra.
963 3809 1006 3866 15.
1027 3815 1037 3866 1
1058 3810 1164 3867 τοῖτιΑ
1179 3827 1227 3880 με,

151 3889 214 3948 τότε
231 3910 295 3947 corr.
316 3899 326 3947 l
351 3922 386 3933 -
403 3898 418 3946 2
437 3888 485 3945 οὐκ
503 3892 560 3946 εδδ.
578 3891 637 3946 Dbr.
655 3922 688 3933 -
706 3898 722 3949 θ
740 3899 815 3965 τρίαε
833 3914 851 3947 τ
868 3895 894 3948 in
912 3909 961 3949 ras.
981 3899 992 3948 1
1014 3895 1052 3950 lit.
1069 3895 1112 3950 Al
1133 3922 1167 3937 -
1183 3894 1224 3962 τῷ

151 3975 241 4045 τούτῳ
259 3978 334 4047 χρθ
352 4007 385 4017 -
404 3981 417 4029 ’ί
437 3971 501 4029 σι’δὲ
517 3978 539 4029 A
557 3993 604 4045 pn,
624 3994 688 4032 corr.
709 3983 730 4032 Ι.
