<?xml version="1.0" encoding="UTF-8"?>
<!DOCTYPE html PUBLIC "-//W3C//DTD XHTML 1.0 Transitional//EN"
    "http://www.w3.org/TR/xhtml1/DTD/xhtml1-transitional.dtd">
<html xmlns="http://www.w3.org/1999/xhtml" xml:lang="en" lang="en">
 <head>
  <title>
</title>
<meta http-equiv="Content-Type" content="text/html;charset=utf-8" />
  <meta name='ocr-system' content='tesseract 3.04.00' />
  <meta name='ocr-capabilities' content='ocr_page ocr_carea ocr_par ocr_line ocrx_word'/>
</head>
<body>
  <div class='ocr_page' id='page_1' title='image "./isaeiorationesc00buergoog_0032.png"; bbox 0 0 2626 4476; ppageno 0'>
   <div class='ocr_carea' id='block_1_1' title="bbox 98 238 1176 313">
    <p class='ocr_par' dir='ltr' id='par_1_1' title="bbox 98 238 1176 313">
     <span class='ocr_line' id='line_1_1' title="bbox 98 238 1176 313; baseline -0.008 -9"><span class='ocrx_word' id='word_1_1' title='bbox 98 266 170 313; x_wconf 53' lang='grc' dir='ltr'><strong><em>ρει.</em></strong></span> <span class='ocrx_word' id='word_1_2' title='bbox 369 247 445 301; x_wconf 82' lang='grc' dir='ltr'>ΠΕΡΙ</span> <span class='ocrx_word' id='word_1_3' title='bbox 463 247 527 301; x_wconf 88' lang='grc' dir='ltr'><strong><em>ΤΟΥ</em></strong></span> <span class='ocrx_word' id='word_1_4' title='bbox 545 238 903 301; x_wconf 70' lang='grc' dir='ltr'><strong>ΚΛΕΩΝΥΜΟΥΚΛΗΡΟΥ.</strong></span> <span class='ocrx_word' id='word_1_5' title='bbox 1139 246 1176 306; x_wconf 81' lang='lat'><strong><em>11</em></strong></span> 
     </span>
    </p>
   </div>
   <div class='ocr_carea' id='block_1_2' title="bbox 45 412 1231 3369">
    <p class='ocr_par' dir='ltr' id='par_1_2' title="bbox 45 412 1231 3369">
     <span class='ocr_line' id='line_1_2' title="bbox 99 412 1179 507; baseline -0.002 -22"><span class='ocrx_word' id='word_1_6' title='bbox 99 418 223 507; x_wconf 95' lang='grc' dir='ltr'><strong><em>ταύτης</em></strong></span> <span class='ocrx_word' id='word_1_7' title='bbox 244 414 457 506; x_wconf 77' lang='grc' dir='ltr'><em>ὑπαρχούσης</em></span> <span class='ocrx_word' id='word_1_8' title='bbox 477 419 537 506; x_wconf 84' lang='grc' dir='ltr'><strong><em>της</em></strong></span> <span class='ocrx_word' id='word_1_9' title='bbox 559 416 700 504; x_wconf 75' lang='grc' dir='ltr'><strong><em>ἔχθρας,</em></strong></span> <span class='ocrx_word' id='word_1_10' title='bbox 723 412 811 502; x_wconf 81' lang='grc' dir='ltr'><strong><em>ἡμᾶς</em></strong></span> <span class='ocrx_word' id='word_1_11' title='bbox 835 415 870 481; x_wconf 82' lang='grc' dir='ltr'><strong><em>δὲ</em></strong></span> <span class='ocrx_word' id='word_1_12' title='bbox 891 414 1055 504; x_wconf 78' lang='grc' dir='ltr'><strong><em>τοσαύτης</em></strong></span> <span class='ocrx_word' id='word_1_13' title='bbox 1078 415 1179 484; x_wconf 85' lang='grc' dir='ltr'><strong><em>οἰκει-</em></strong></span> 
     </span>
     <span class='ocr_line' id='line_1_3' title="bbox 98 518 1180 610; baseline -0.004 -22"><span class='ocrx_word' id='word_1_14' title='bbox 98 521 221 610; x_wconf 89' lang='grc' dir='ltr'><strong><em>ότητος</em></strong></span> <span class='ocrx_word' id='word_1_15' title='bbox 248 523 303 587; x_wconf 90' lang='grc' dir='ltr'><strong><em>καὶ</em></strong></span> <span class='ocrx_word' id='word_1_16' title='bbox 335 522 452 608; x_wconf 80' lang='grc' dir='ltr'><strong><em>φιλίας</em></strong></span> <span class='ocrx_word' id='word_1_17' title='bbox 479 523 655 607; x_wconf 80' lang='grc' dir='ltr'><strong><em>γενομένης</em></strong></span> <span class='ocrx_word' id='word_1_18' title='bbox 688 521 880 606; x_wconf 81' lang='grc' dir='ltr'><strong><em>πειρᾶσθαι</em></strong></span> <span class='ocrx_word' id='word_1_19' title='bbox 913 518 1040 602; x_wconf 85' lang='grc' dir='ltr'><strong><em>μᾶλλον</em></strong></span> <span class='ocrx_word' id='word_1_20' title='bbox 1072 522 1180 596; x_wconf 83' lang='grc' dir='ltr'><strong><em>κακῶς</em></strong></span> 
     </span>
     <span class='ocr_line' id='line_1_4' title="bbox 100 615 1231 709; baseline -0.001 -21"><span class='ocrx_word' id='word_1_21' title='bbox 100 637 233 706; x_wconf 75' lang='grc' dir='ltr'><strong><em>ποιεῖνς</em></strong></span> <span class='ocrx_word' id='word_1_22' title='bbox 261 615 337 688; x_wconf 76' lang='grc' dir='ltr'><strong><em>ἀλλ’</em></strong></span> <span class='ocrx_word' id='word_1_23' title='bbox 363 621 474 708; x_wconf 79' lang='grc' dir='ltr'><strong><em>ἐ’γωγε,</em></strong></span> <span class='ocrx_word' id='word_1_24' title='bbox 498 621 528 688; x_wconf 85' lang='grc' dir='ltr'><strong><em>εἷ</em></strong></span> <span class='ocrx_word' id='word_1_25' title='bbox 549 633 742 709; x_wconf 79' lang='grc' dir='ltr'><strong><em>κατηγορεῖν</em></strong></span> <span class='ocrx_word' id='word_1_26' title='bbox 765 618 941 704; x_wconf 78' lang='grc' dir='ltr'><strong><em>ἐβούλοντο</em></strong></span> <span class='ocrx_word' id='word_1_27' title='bbox 964 622 1031 685; x_wconf 80' lang='grc' dir='ltr'><strong><em>τῶν</em></strong></span> <span class='ocrx_word' id='word_1_28' title='bbox 1055 619 1231 708; x_wconf 76' lang='grc' dir='ltr'><strong><em>διαθη-84</em></strong></span> 
     </span>
     <span class='ocr_line' id='line_1_5' title="bbox 100 712 1180 812; baseline -0.002 -22"><span class='ocrx_word' id='word_1_29' title='bbox 100 728 166 791; x_wconf 81' lang='grc' dir='ltr'><strong><em>κῶν</em></strong></span> <span class='ocrx_word' id='word_1_30' title='bbox 188 714 209 812; x_wconf 84' lang='grc' dir='ltr'><strong><em>ή</em></strong></span> <span class='ocrx_word' id='word_1_31' title='bbox 230 728 289 791; x_wconf 80' lang='grc' dir='ltr'><strong><em>τοῦ</em></strong></span> <span class='ocrx_word' id='word_1_32' title='bbox 311 723 598 812; x_wconf 80' lang='grc' dir='ltr'><strong><em>τετελευτηκότος,</em></strong></span> <span class='ocrx_word' id='word_1_33' title='bbox 629 716 686 789; x_wconf 82' lang='grc' dir='ltr'><strong><em>οόκ</em></strong></span> <span class='ocrx_word' id='word_1_34' title='bbox 709 715 775 788; x_wconf 73' lang='grc' dir='ltr'><strong><em>οἶδ’</em></strong></span> <span class='ocrx_word' id='word_1_35' title='bbox 810 714 828 788; x_wconf 87' lang='grc' dir='ltr'><strong><em>ό</em></strong></span> <span class='ocrx_word' id='word_1_36' title='bbox 855 747 890 788; x_wconf 90' lang='grc' dir='ltr'><strong><em>τι</em></strong></span> <span class='ocrx_word' id='word_1_37' title='bbox 919 712 959 788; x_wconf 83' lang='grc' dir='ltr'><strong><em>ἀν</em></strong></span> <span class='ocrx_word' id='word_1_38' title='bbox 988 717 1068 788; x_wconf 87' lang='grc' dir='ltr'><strong><em>ἀλλο</em></strong></span> <span class='ocrx_word' id='word_1_39' title='bbox 1092 719 1180 808; x_wconf 83' lang='grc' dir='ltr'><strong><em>πρὸς</em></strong></span> 
     </span>
     <span class='ocr_line' id='line_1_6' title="bbox 98 816 1175 912; baseline -0.005 -20"><span class='ocrx_word' id='word_1_40' title='bbox 98 821 185 911; x_wconf 76' lang='grc' dir='ltr'><strong><em>ὑμᾶς</em></strong></span> <span class='ocrx_word' id='word_1_41' title='bbox 208 823 320 912; x_wconf 79' lang='grc' dir='ltr'><strong><em>εἶπον,</em></strong></span> <span class='ocrx_word' id='word_1_42' title='bbox 351 827 388 893; x_wconf 79' lang='grc' dir='ltr'><strong><em>οἵ</em></strong></span> <span class='ocrx_word' id='word_1_43' title='bbox 413 850 450 912; x_wconf 96' lang='grc' dir='ltr'><strong><em>γε</em></strong></span> <span class='ocrx_word' id='word_1_44' title='bbox 471 824 532 903; x_wconf 80' lang='grc' dir='ltr'><strong><em>τὰς</em></strong></span> <span class='ocrx_word' id='word_1_45' title='bbox 555 823 720 911; x_wconf 76' lang='grc' dir='ltr'><strong><em>διαθήκας</em></strong></span> <span class='ocrx_word' id='word_1_46' title='bbox 748 825 809 908; x_wconf 80' lang='grc' dir='ltr'><strong><em>μὲν</em></strong></span> <span class='ocrx_word' id='word_1_47' title='bbox 832 816 1083 911; x_wconf 77' lang='grc' dir='ltr'><strong><em>ἀποφαίνουσιν</em></strong></span> <span class='ocrx_word' id='word_1_48' title='bbox 1106 816 1175 889; x_wconf 76' lang='grc' dir='ltr'><strong><em>οὔτ’</em></strong></span> 
     </span>
     <span class='ocr_line' id='line_1_7' title="bbox 97 920 1178 1014; baseline -0.003 -19"><span class='ocrx_word' id='word_1_49' title='bbox 97 920 216 1014; x_wconf 81' lang='grc' dir='ltr'><strong><em>όρθως</em></strong></span> <span class='ocrx_word' id='word_1_50' title='bbox 244 927 383 1010; x_wconf 77' lang='grc' dir='ltr'><strong><em>ἐχούσας</em></strong></span> <span class='ocrx_word' id='word_1_51' title='bbox 412 921 483 994; x_wconf 68' lang='grc' dir='ltr'><strong><em>οὔτ’</em></strong></span> <span class='ocrx_word' id='word_1_52' title='bbox 517 920 720 1014; x_wconf 86' lang='grc' dir='ltr'><strong><em>ἀρεσκοόσας</em></strong></span> <span class='ocrx_word' id='word_1_53' title='bbox 747 929 795 1012; x_wconf 76' lang='grc' dir='ltr'><strong><em>τιρ</em></strong></span> <span class='ocrx_word' id='word_1_54' title='bbox 823 926 1031 1011; x_wconf 83' lang='grc' dir='ltr'><strong><em>διαθεμένφ,</em></strong></span> <span class='ocrx_word' id='word_1_55' title='bbox 1060 925 1178 992; x_wconf 78' lang='grc' dir='ltr'><strong><em>τοῦδέ</em></strong></span> 
     </span>
     <span class='ocr_line' id='line_1_8' title="bbox 97 1021 1178 1119; baseline -0.001 -24"><span class='ocrx_word' id='word_1_56' title='bbox 97 1030 263 1119; x_wconf 83' lang='grc' dir='ltr'><strong><em>τοσαύτην</em></strong></span> <span class='ocrx_word' id='word_1_57' title='bbox 291 1036 414 1115; x_wconf 89' lang='grc' dir='ltr'><strong><em>μανίαν</em></strong></span> <span class='ocrx_word' id='word_1_58' title='bbox 442 1033 699 1119; x_wconf 82' lang='grc' dir='ltr'><strong><em>κατηγοροῦσιν,</em></strong></span> <span class='ocrx_word' id='word_1_59' title='bbox 731 1021 818 1094; x_wconf 75' lang='grc' dir='ltr'><strong><em>ὥστε</em></strong></span> <span class='ocrx_word' id='word_1_60' title='bbox 847 1031 952 1115; x_wconf 86' lang='grc' dir='ltr'><strong><em>φασίν</em></strong></span> <span class='ocrx_word' id='word_1_61' title='bbox 976 1021 1076 1094; x_wconf 84' lang='grc' dir='ltr'><strong><em>αύτδν</em></strong></span> <span class='ocrx_word' id='word_1_62' title='bbox 1099 1030 1178 1115; x_wconf 82' lang='grc' dir='ltr'><strong><em>περὶ</em></strong></span> 
     </span>
     <span class='ocr_line' id='line_1_9' title="bbox 96 1119 1178 1219; baseline -0.003 -21"><span class='ocrx_word' id='word_1_63' title='bbox 96 1134 255 1211; x_wconf 86' lang='grc' dir='ltr'><strong><em>πλείονος</em></strong></span> <span class='ocrx_word' id='word_1_64' title='bbox 277 1139 460 1201; x_wconf 89' lang='grc' dir='ltr'><strong><em>ποιεῖσθαι</em></strong></span> <span class='ocrx_word' id='word_1_65' title='bbox 480 1131 559 1210; x_wconf 82' lang='grc' dir='ltr'><strong><em>τούς</em></strong></span> <span class='ocrx_word' id='word_1_66' title='bbox 582 1125 671 1218; x_wconf 75' lang='grc' dir='ltr'><strong><em>αὐτῷ</em></strong></span> <span class='ocrx_word' id='word_1_67' title='bbox 694 1132 956 1219; x_wconf 90' lang='grc' dir='ltr'><strong><em>διαφερομένους</em></strong></span> <span class='ocrx_word' id='word_1_68' title='bbox 984 1119 1006 1217; x_wconf 76' lang='grc' dir='ltr'><em>ἢ</em></span> <span class='ocrx_word' id='word_1_69' title='bbox 1027 1127 1105 1207; x_wconf 83' lang='grc' dir='ltr'><strong><em>τούς</em></strong></span> <span class='ocrx_word' id='word_1_70' title='bbox 1128 1129 1178 1196; x_wconf 85' lang='grc' dir='ltr'><strong><em>οί-</em></strong></span> 
     </span>
     <span class='ocr_line' id='line_1_10' title="bbox 45 1225 1178 1324; baseline -0.003 -23"><span class='ocrx_word' id='word_1_71' title='bbox 45 1273 48 1277; x_wconf 88' lang='grc'>·</span> <span class='ocrx_word' id='word_1_72' title='bbox 95 1242 194 1313; x_wconf 89' lang='grc' dir='ltr'><strong><em>κείως</em></strong></span> <span class='ocrx_word' id='word_1_73' title='bbox 213 1241 415 1324; x_wconf 73' lang='grc' dir='ltr'><strong><em>χρωμένους,</em></strong></span> <span class='ocrx_word' id='word_1_74' title='bbox 438 1238 493 1311; x_wconf 81' lang='grc' dir='ltr'><strong><em>καὶ</em></strong></span> <span class='ocrx_word' id='word_1_75' title='bbox 518 1234 569 1311; x_wconf 80' lang='grc' dir='ltr'><strong><em>οἷς</em></strong></span> <span class='ocrx_word' id='word_1_76' title='bbox 596 1235 657 1319; x_wconf 78' lang='grc' dir='ltr'><strong><em>μὲν</em></strong></span> <span class='ocrx_word' id='word_1_77' title='bbox 686 1234 749 1315; x_wconf 80' lang='grc' dir='ltr'><strong><em>ζων</em></strong></span> <span class='ocrx_word' id='word_1_78' title='bbox 779 1227 816 1300; x_wconf 81' lang='grc' dir='ltr'><strong><em>οὗ</em></strong></span> <span class='ocrx_word' id='word_1_79' title='bbox 847 1233 1010 1318; x_wconf 78' lang='grc' dir='ltr'><strong><em>διελέγετο</em></strong></span> <span class='ocrx_word' id='word_1_80' title='bbox 1042 1225 1178 1299; x_wconf 83' lang='grc' dir='ltr'><strong><em>ἀπασαν</em></strong></span> 
     </span>
     <span class='ocr_line' id='line_1_11' title="bbox 95 1327 1178 1427; baseline -0.002 -24"><span class='ocrx_word' id='word_1_81' title='bbox 95 1338 214 1404; x_wconf 83' lang='grc' dir='ltr'><strong><em>δούναι</em></strong></span> <span class='ocrx_word' id='word_1_82' title='bbox 235 1337 294 1427; x_wconf 83' lang='grc' dir='ltr'><strong><em>τήν</em></strong></span> <span class='ocrx_word' id='word_1_83' title='bbox 317 1331 451 1420; x_wconf 79' lang='grc' dir='ltr'><strong><em>ούσίαν,</em></strong></span> <span class='ocrx_word' id='word_1_84' title='bbox 480 1335 558 1416; x_wconf 84' lang='grc' dir='ltr'><strong><em>τούς</em></strong></span> <span class='ocrx_word' id='word_1_85' title='bbox 587 1335 620 1403; x_wconf 76' lang='grc' dir='ltr'><strong><em>δ’</em></strong></span> <span class='ocrx_word' id='word_1_86' title='bbox 651 1336 842 1405; x_wconf 81' lang='grc' dir='ltr'><strong><em>οἰκειότατα</em></strong></span> <span class='ocrx_word' id='word_1_87' title='bbox 864 1341 1079 1425; x_wconf 87' lang='grc' dir='ltr'><strong><em>κεχρημένους</em></strong></span> <span class='ocrx_word' id='word_1_88' title='bbox 1101 1327 1178 1421; x_wconf 79' lang='grc' dir='ltr'><strong><em>οόδὲ</em></strong></span> 
     </span>
     <span class='ocr_line' id='line_1_12' title="bbox 95 1427 1228 1526; baseline -0.002 -22"><span class='ocrx_word' id='word_1_89' title='bbox 95 1441 286 1506; x_wconf 78' lang='grc' dir='ltr'><strong><em>πολλοστοῦ</em></strong></span> <span class='ocrx_word' id='word_1_90' title='bbox 313 1444 434 1526; x_wconf 84' lang='grc' dir='ltr'><strong><em>μέρους</em></strong></span> <span class='ocrx_word' id='word_1_91' title='bbox 464 1432 618 1517; x_wconf 79' lang='grc' dir='ltr'><strong><em>ἀξιῶσαι.</em></strong></span> <span class='ocrx_word' id='word_1_92' title='bbox 669 1431 755 1504; x_wconf 75' lang='grc' dir='ltr'><strong><em>ὥστε</em></strong></span> <span class='ocrx_word' id='word_1_93' title='bbox 783 1444 835 1515; x_wconf 91' lang='grc' dir='ltr'><strong><em>τίς</em></strong></span> <span class='ocrx_word' id='word_1_94' title='bbox 865 1427 905 1503; x_wconf 80' lang='grc' dir='ltr'><strong><em>ἀν</em></strong></span> <span class='ocrx_word' id='word_1_95' title='bbox 933 1432 1025 1520; x_wconf 84' lang='grc' dir='ltr'><strong><em>ύμιῦν</em></strong></span> <span class='ocrx_word' id='word_1_96' title='bbox 1052 1435 1228 1513; x_wconf 72' lang='grc' dir='ltr'><strong><em>ταύταςθό</em></strong></span> 
     </span>
     <span class='ocr_line' id='line_1_13' title="bbox 96 1535 1177 1629; baseline -0.005 -22"><span class='ocrx_word' id='word_1_97' title='bbox 96 1538 184 1607; x_wconf 81' lang='grc' dir='ltr'><strong><em>εἶναι</em></strong></span> <span class='ocrx_word' id='word_1_98' title='bbox 205 1548 321 1629; x_wconf 81' lang='grc' dir='ltr'><strong><em>κυρίας</em></strong></span> <span class='ocrx_word' id='word_1_99' title='bbox 342 1540 404 1619; x_wconf 80' lang='grc' dir='ltr'><strong><em>τὰς</em></strong></span> <span class='ocrx_word' id='word_1_100' title='bbox 428 1540 594 1628; x_wconf 76' lang='grc' dir='ltr'><strong><em>διαθήκας</em></strong></span> <span class='ocrx_word' id='word_1_101' title='bbox 615 1547 825 1629; x_wconf 84' lang='grc' dir='ltr'><strong><em>ψηφίσαιτο,</em></strong></span> <span class='ocrx_word' id='word_1_102' title='bbox 856 1538 896 1616; x_wconf 85' lang='grc' dir='ltr'><strong><em>ἀς</em></strong></span> <span class='ocrx_word' id='word_1_103' title='bbox 923 1535 940 1605; x_wconf 86' lang='grc' dir='ltr'>ὁ</span> <span class='ocrx_word' id='word_1_104' title='bbox 964 1540 1029 1622; x_wconf 75' lang='grc' dir='ltr'><strong><em>μὲν</em></strong></span> <span class='ocrx_word' id='word_1_105' title='bbox 1058 1538 1177 1605; x_wconf 90' lang='grc' dir='ltr'><strong><em>διαθέ-</em></strong></span> 
     </span>
     <span class='ocr_line' id='line_1_14' title="bbox 94 1633 1176 1730; baseline -0.002 -21"><span class='ocrx_word' id='word_1_106' title='bbox 94 1666 195 1726; x_wconf 87' lang='grc' dir='ltr'><strong><em>μενος</em></strong></span> <span class='ocrx_word' id='word_1_107' title='bbox 218 1639 263 1719; x_wconf 83' lang='grc' dir='ltr'><strong><em>ιός</em></strong></span> <span class='ocrx_word' id='word_1_108' title='bbox 285 1637 343 1709; x_wconf 87' lang='grc' dir='ltr'><strong><em>ούκ</em></strong></span> <span class='ocrx_word' id='word_1_109' title='bbox 365 1636 481 1730; x_wconf 80' lang='grc' dir='ltr'><strong><em>ὀρθῶς</em></strong></span> <span class='ocrx_word' id='word_1_110' title='bbox 496 1641 634 1725; x_wconf 78' lang='grc' dir='ltr'><strong><em>ἐχούσας</em></strong></span> <span class='ocrx_word' id='word_1_111' title='bbox 651 1635 908 1726; x_wconf 83' lang='grc' dir='ltr'><strong><em>ἀπεδοκίμασεν,</em></strong></span> <span class='ocrx_word' id='word_1_112' title='bbox 931 1634 1025 1707; x_wconf 84' lang='grc' dir='ltr'><strong><em>οὗτοι</em></strong></span> <span class='ocrx_word' id='word_1_113' title='bbox 1040 1633 1072 1706; x_wconf 80' lang='grc' dir='ltr'><strong><em>δ’</em></strong></span> <span class='ocrx_word' id='word_1_114' title='bbox 1092 1639 1176 1727; x_wconf 81' lang='grc' dir='ltr'><strong><em>ἐ’ργιμ</em></strong></span> 
     </span>
     <span class='ocr_line' id='line_1_15' title="bbox 95 1736 1177 1834; baseline -0.001 -25"><span class='ocrx_word' id='word_1_115' title='bbox 95 1744 232 1812; x_wconf 90' lang='grc' dir='ltr'><strong><em>λύουσιν</em></strong></span> <span class='ocrx_word' id='word_1_116' title='bbox 255 1743 430 1823; x_wconf 75' lang='grc' dir='ltr'><strong><em>ἐθέλοντες</em></strong></span> <span class='ocrx_word' id='word_1_117' title='bbox 451 1741 531 1833; x_wconf 84' lang='grc' dir='ltr'><strong><em>ήμῖν</em></strong></span> <span class='ocrx_word' id='word_1_118' title='bbox 555 1745 772 1834; x_wconf 85' lang='grc' dir='ltr'><strong><em>ίσομοιρήσαι</em></strong></span> <span class='ocrx_word' id='word_1_119' title='bbox 792 1748 852 1832; x_wconf 81' lang='grc' dir='ltr'><strong><em>τῆς</em></strong></span> <span class='ocrx_word' id='word_1_120' title='bbox 874 1736 1007 1828; x_wconf 83' lang='grc' dir='ltr'><strong><em>ούσίας,</em></strong></span> <span class='ocrx_word' id='word_1_121' title='bbox 1030 1740 1117 1829; x_wconf 86' lang='grc' dir='ltr'><strong><em>πρὸς</em></strong></span> <span class='ocrx_word' id='word_1_122' title='bbox 1140 1741 1177 1808; x_wconf 83' lang='grc' dir='ltr'><strong><em>δέ</em></strong></span> 
     </span>
     <span class='ocr_line' id='line_1_16' title="bbox 92 1840 1176 1937; baseline -0.004 -24"><span class='ocrx_word' id='word_1_123' title='bbox 92 1846 226 1925; x_wconf 87' lang='grc' dir='ltr'><strong><em>τούτοις</em></strong></span> <span class='ocrx_word' id='word_1_124' title='bbox 247 1843 343 1935; x_wconf 83' lang='grc' dir='ltr'><strong><em>ἡμεῖς</em></strong></span> <span class='ocrx_word' id='word_1_125' title='bbox 364 1844 442 1932; x_wconf 87' lang='grc' dir='ltr'><strong><em>ύμῖν</em></strong></span> <span class='ocrx_word' id='word_1_126' title='bbox 466 1841 703 1937; x_wconf 87' lang='grc' dir='ltr'><strong><em>ἀποφαίνομεν</em></strong></span> <span class='ocrx_word' id='word_1_127' title='bbox 733 1846 885 1923; x_wconf 79' lang='grc' dir='ltr'><strong><em>ἐναντίας</em></strong></span> <span class='ocrx_word' id='word_1_128' title='bbox 915 1840 1016 1922; x_wconf 84' lang='grc' dir='ltr'><strong><em>ούσας</em></strong></span> <span class='ocrx_word' id='word_1_129' title='bbox 1044 1847 1100 1912; x_wconf 85' lang='grc' dir='ltr'><strong><em>καὶ</em></strong></span> <span class='ocrx_word' id='word_1_130' title='bbox 1128 1846 1176 1928; x_wconf 79' lang='grc' dir='ltr'><strong><em>τῷ</em></strong></span> 
     </span>
     <span class='ocr_line' id='line_1_17' title="bbox 94 1946 1176 2037; baseline -0.002 -23"><span class='ocrx_word' id='word_1_131' title='bbox 94 1947 187 2035; x_wconf 77' lang='grc' dir='ltr'><strong><em>νόμην</em></strong></span> <span class='ocrx_word' id='word_1_132' title='bbox 202 1951 346 2027; x_wconf 86' lang='grc' dir='ltr'><strong><em>καὶτοῖς</em></strong></span> <span class='ocrx_word' id='word_1_133' title='bbox 362 1949 505 2028; x_wconf 89' lang='grc' dir='ltr'><strong><em>δικαίοις</em></strong></span> <span class='ocrx_word' id='word_1_134' title='bbox 525 1952 580 2017; x_wconf 83' lang='grc' dir='ltr'><strong><em>καὶ</em></strong></span> <span class='ocrx_word' id='word_1_135' title='bbox 596 1953 637 2037; x_wconf 77' lang='grc' dir='ltr'><strong><em>τῇ</em></strong></span> <span class='ocrx_word' id='word_1_136' title='bbox 652 1953 711 2017; x_wconf 84' lang='grc' dir='ltr'><strong><em>τοῦ</em></strong></span> <span class='ocrx_word' id='word_1_137' title='bbox 732 1947 1001 2036; x_wconf 87' lang='grc' dir='ltr'><strong><em>τετελευτηκότος</em></strong></span> <span class='ocrx_word' id='word_1_138' title='bbox 1024 1946 1176 2033; x_wconf 67' lang='grc' dir='ltr'><strong><em>διανοίας</em></strong></span> 
     </span>
     <span class='ocr_line' id='line_1_18' title="bbox 190 2037 1227 2140; baseline -0.007 -22"><span class='ocrx_word' id='word_1_139' title='bbox 190 2047 296 2135; x_wconf 85' lang='grc' dir='ltr'><strong><em>Οίμαι</em></strong></span> <span class='ocrx_word' id='word_1_140' title='bbox 319 2045 352 2116; x_wconf 81' lang='grc' dir='ltr'><strong><em>δ’</em></strong></span> <span class='ocrx_word' id='word_1_141' title='bbox 377 2049 463 2136; x_wconf 79' lang='grc' dir='ltr'><strong><em>ὑμᾶς</em></strong></span> <span class='ocrx_word' id='word_1_142' title='bbox 485 2050 522 2118; x_wconf 86' lang='grc' dir='ltr'><strong><em>τὸ</em></strong></span> <span class='ocrx_word' id='word_1_143' title='bbox 546 2054 626 2140; x_wconf 86' lang='grc' dir='ltr'><strong><em>περὶ</em></strong></span> <span class='ocrx_word' id='word_1_144' title='bbox 647 2049 741 2139; x_wconf 79' lang='grc' dir='ltr'><strong><em>ἡμῶν</em></strong></span> <span class='ocrx_word' id='word_1_145' title='bbox 764 2052 893 2118; x_wconf 88' lang='grc' dir='ltr'><strong><em>δίκαιον</em></strong></span> <span class='ocrx_word' id='word_1_146' title='bbox 922 2041 1107 2136; x_wconf 76' lang='grc' dir='ltr'><strong><em>σαφέστατ’</em></strong></span> <span class='ocrx_word' id='word_1_147' title='bbox 1135 2037 1175 2113; x_wconf 81' lang='grc' dir='ltr'><strong><em>ἀν</em></strong></span> <span class='ocrx_word' id='word_1_148' title='bbox 1189 2064 1227 2121; x_wconf 70' lang='lat'><strong><em>36</em></strong></span> 
     </span>
     <span class='ocr_line' id='line_1_19' title="bbox 97 2144 1174 2241; baseline -0.002 -25"><span class='ocrx_word' id='word_1_149' title='bbox 97 2145 182 2239; x_wconf 76' lang='grc' dir='ltr'><strong><em>παρ’</em></strong></span> <span class='ocrx_word' id='word_1_150' title='bbox 203 2146 312 2219; x_wconf 80' lang='grc' dir='ltr'><strong><em>αότιῦν</em></strong></span> <span class='ocrx_word' id='word_1_151' title='bbox 326 2153 453 2220; x_wconf 87' lang='grc' dir='ltr'><strong><em>τούτων</em></strong></span> <span class='ocrx_word' id='word_1_152' title='bbox 468 2153 721 2221; x_wconf 86' lang='grc' dir='ltr'><strong><em>πυνθάνεσθαι.</em></strong></span> <span class='ocrx_word' id='word_1_153' title='bbox 751 2153 781 2221; x_wconf 79' lang='grc' dir='ltr'><strong><em>εἰ</em></strong></span> <span class='ocrx_word' id='word_1_154' title='bbox 795 2152 859 2241; x_wconf 83' lang='grc' dir='ltr'><strong><em>γάρ</em></strong></span> <span class='ocrx_word' id='word_1_155' title='bbox 870 2176 922 2230; x_wconf 90' lang='grc' dir='ltr'><strong><em>τις</em></strong></span> <span class='ocrx_word' id='word_1_156' title='bbox 934 2144 1053 2227; x_wconf 78' lang='grc' dir='ltr'><strong><em>αύτούς</em></strong></span> <span class='ocrx_word' id='word_1_157' title='bbox 1065 2147 1174 2236; x_wconf 76' lang='grc' dir='ltr'><strong><em>ἐ’ροιτο</em></strong></span> 
     </span>
     <span class='ocr_line' id='line_1_20' title="bbox 98 2241 1171 2344; baseline -0.003 -27"><span class='ocrx_word' id='word_1_158' title='bbox 98 2250 155 2318; x_wconf 84' lang='grc' dir='ltr'><strong><em>διὰ</em></strong></span> <span class='ocrx_word' id='word_1_159' title='bbox 178 2258 212 2319; x_wconf 91' lang='grc' dir='ltr'><strong><em>τί</em></strong></span> <span class='ocrx_word' id='word_1_160' title='bbox 228 2246 358 2331; x_wconf 82' lang='grc' dir='ltr'><strong><em>ἀξιοῦσι</em></strong></span> <span class='ocrx_word' id='word_1_161' title='bbox 373 2250 571 2344; x_wconf 85' lang='grc' dir='ltr'><strong><em>κληρονόμοι</em></strong></span> <span class='ocrx_word' id='word_1_162' title='bbox 585 2260 745 2342; x_wconf 91' lang='grc' dir='ltr'><strong><em>γενέσθαι</em></strong></span> <span class='ocrx_word' id='word_1_163' title='bbox 766 2258 833 2322; x_wconf 77' lang='grc' dir='ltr'><strong><em>τῶν</em></strong></span> <span class='ocrx_word' id='word_1_164' title='bbox 847 2252 1058 2337; x_wconf 81' lang='grc' dir='ltr'><strong><em>Κλεωνύμου,</em></strong></span> <span class='ocrx_word' id='word_1_165' title='bbox 1081 2241 1171 2317; x_wconf 78' lang='grc' dir='ltr'><strong><em>τοῦτ’</em></strong></span> 
     </span>
     <span class='ocr_line' id='line_1_21' title="bbox 96 2344 1175 2445; baseline -0.002 -25"><span class='ocrx_word' id='word_1_166' title='bbox 96 2344 138 2420; x_wconf 82' lang='grc' dir='ltr'><strong><em>ἀν</em></strong></span> <span class='ocrx_word' id='word_1_167' title='bbox 161 2354 270 2422; x_wconf 81' lang='grc' dir='ltr'><strong><em>εἰπεῖν</em></strong></span> <span class='ocrx_word' id='word_1_168' title='bbox 294 2355 407 2438; x_wconf 73' lang='grc' dir='ltr'><strong><em>ἔχοιεν,</em></strong></span> <span class='ocrx_word' id='word_1_169' title='bbox 430 2350 484 2424; x_wconf 84' lang='grc' dir='ltr'><strong><em>ότι</em></strong></span> <span class='ocrx_word' id='word_1_170' title='bbox 498 2362 555 2425; x_wconf 89' lang='grc' dir='ltr'><strong><em>καὶ</em></strong></span> <span class='ocrx_word' id='word_1_171' title='bbox 568 2364 656 2444; x_wconf 92' lang='grc' dir='ltr'><strong><em>γένει</em></strong></span> <span class='ocrx_word' id='word_1_172' title='bbox 670 2358 782 2425; x_wconf 78' lang='grc' dir='ltr'><strong><em>ποθὲν</em></strong></span> <span class='ocrx_word' id='word_1_173' title='bbox 797 2356 1006 2445; x_wconf 90' lang='grc' dir='ltr'><strong><em>προσήκουσι</em></strong></span> <span class='ocrx_word' id='word_1_174' title='bbox 1020 2355 1076 2421; x_wconf 84' lang='grc' dir='ltr'><strong><em>καί</em></strong></span> <span class='ocrx_word' id='word_1_175' title='bbox 1091 2351 1175 2419; x_wconf 76' lang='grc' dir='ltr'><strong><em>ἐκεῖ·</em></strong></span> 
     </span>
     <span class='ocr_line' id='line_1_22' title="bbox 94 2447 1174 2549; baseline 0 -27"><span class='ocrx_word' id='word_1_176' title='bbox 94 2481 151 2534; x_wconf 91' lang='grc' dir='ltr'><strong><em>νος</em></strong></span> <span class='ocrx_word' id='word_1_177' title='bbox 175 2449 288 2535; x_wconf 82' lang='grc' dir='ltr'><strong><em>αότοῖς</em></strong></span> <span class='ocrx_word' id='word_1_178' title='bbox 308 2458 428 2544; x_wconf 91' lang='grc' dir='ltr'><strong><em>χρόνον</em></strong></span> <span class='ocrx_word' id='word_1_179' title='bbox 449 2458 526 2527; x_wconf 82' lang='grc' dir='ltr'><strong><em>τινὰ</em></strong></span> <span class='ocrx_word' id='word_1_180' title='bbox 549 2458 748 2549; x_wconf 77' lang='grc' dir='ltr'><strong><em>ἐπιτηδείως</em></strong></span> <span class='ocrx_word' id='word_1_181' title='bbox 771 2461 921 2527; x_wconf 91' lang='grc' dir='ltr'><strong><em>διέκειτο.</em></strong></span> <span class='ocrx_word' id='word_1_182' title='bbox 966 2452 1023 2525; x_wconf 84' lang='grc' dir='ltr'><strong><em>οόκ</em></strong></span> <span class='ocrx_word' id='word_1_183' title='bbox 1046 2447 1086 2523; x_wconf 83' lang='grc' dir='ltr'><strong><em>ἀν</em></strong></span> <span class='ocrx_word' id='word_1_184' title='bbox 1110 2451 1174 2543; x_wconf 88' lang='grc' dir='ltr'><strong><em>ἀρα</em></strong></span> 
     </span>
     <span class='ocr_line' id='line_1_23' title="bbox 91 2551 1172 2652; baseline 0.002 -28"><span class='ocrx_word' id='word_1_185' title='bbox 91 2554 178 2645; x_wconf 76' lang='grc' dir='ltr'><strong><em>ὑπὲρ</em></strong></span> <span class='ocrx_word' id='word_1_186' title='bbox 199 2556 293 2646; x_wconf 80' lang='grc' dir='ltr'><strong><em>ήμῶν</em></strong></span> <span class='ocrx_word' id='word_1_187' title='bbox 315 2551 487 2650; x_wconf 82' lang='grc' dir='ltr'><strong><em>μᾶλλονή</em></strong></span> <span class='ocrx_word' id='word_1_188' title='bbox 515 2559 601 2651; x_wconf 75' lang='grc' dir='ltr'><strong><em>ὑπὲρ</em></strong></span> <span class='ocrx_word' id='word_1_189' title='bbox 633 2567 729 2652; x_wconf 82' lang='grc' dir='ltr'><strong><em>σφων</em></strong></span> <span class='ocrx_word' id='word_1_190' title='bbox 759 2556 867 2630; x_wconf 83' lang='grc' dir='ltr'><strong><em>αότων</em></strong></span> <span class='ocrx_word' id='word_1_191' title='bbox 897 2558 963 2629; x_wconf 82' lang='grc' dir='ltr'><strong><em>εἶεν</em></strong></span> <span class='ocrx_word' id='word_1_192' title='bbox 992 2559 1172 2647; x_wconf 83' lang='grc' dir='ltr'><strong><em>εἶρηκότες;</em></strong></span> 
     </span>
     <span class='ocr_line' id='line_1_24' title="bbox 93 2659 1173 2752; baseline 0.003 -26"><span class='ocrx_word' id='word_1_193' title='bbox 93 2660 128 2727; x_wconf 73' lang='grc' dir='ltr'><strong><em>εί</em></strong></span> <span class='ocrx_word' id='word_1_194' title='bbox 152 2686 189 2727; x_wconf 88' lang='grc' dir='ltr'><strong><em>τε</em></strong></span> <span class='ocrx_word' id='word_1_195' title='bbox 216 2661 278 2751; x_wconf 83' lang='grc' dir='ltr'><strong><em>γὰρ</em></strong></span> <span class='ocrx_word' id='word_1_196' title='bbox 307 2662 364 2731; x_wconf 89' lang='grc' dir='ltr'><strong><em>διά</em></strong></span> <span class='ocrx_word' id='word_1_197' title='bbox 391 2663 451 2751; x_wconf 86' lang='grc' dir='ltr'><strong><em>τήν</em></strong></span> <span class='ocrx_word' id='word_1_198' title='bbox 479 2669 540 2732; x_wconf 82' lang='grc' dir='ltr'><strong><em>τοῦ</em></strong></span> <span class='ocrx_word' id='word_1_199' title='bbox 570 2671 683 2751; x_wconf 86' lang='grc' dir='ltr'><strong><em>γένους</em></strong></span> <span class='ocrx_word' id='word_1_200' title='bbox 712 2659 901 2752; x_wconf 77' lang='grc' dir='ltr'><strong><em>ἀγχιστείαν</em></strong></span> <span class='ocrx_word' id='word_1_201' title='bbox 930 2664 982 2730; x_wconf 90' lang='grc' dir='ltr'><strong><em>δεῖ</em></strong></span> <span class='ocrx_word' id='word_1_202' title='bbox 1012 2667 1173 2748; x_wconf 89' lang='grc' dir='ltr'><strong><em>γενέσθαι</em></strong></span> 
     </span>
     <span class='ocr_line' id='line_1_25' title="bbox 91 2761 1223 2857; baseline 0.006 -29"><span class='ocrx_word' id='word_1_203' title='bbox 91 2761 188 2840; x_wconf 85' lang='grc' dir='ltr'><strong><em>τινάς</em></strong></span> <span class='ocrx_word' id='word_1_204' title='bbox 208 2764 441 2852; x_wconf 90' lang='grc' dir='ltr'><strong><em>κληρονόμους,</em></strong></span> <span class='ocrx_word' id='word_1_205' title='bbox 463 2762 561 2854; x_wconf 80' lang='grc' dir='ltr'><strong><em>ἡμεῖς</em></strong></span> <span class='ocrx_word' id='word_1_206' title='bbox 584 2766 742 2857; x_wconf 77' lang='grc' dir='ltr'><strong><em>ἐγγυτέρω</em></strong></span> <span class='ocrx_word' id='word_1_207' title='bbox 769 2773 856 2855; x_wconf 90' lang='grc' dir='ltr'><strong><em>γένει</em></strong></span> <span class='ocrx_word' id='word_1_208' title='bbox 884 2768 1110 2856; x_wconf 85' lang='grc' dir='ltr'><strong><em>προσήκομεν·</em></strong></span> <span class='ocrx_word' id='word_1_209' title='bbox 1141 2767 1174 2833; x_wconf 83' lang='grc' dir='ltr'><strong><em>εἲ</em></strong></span> <span class='ocrx_word' id='word_1_210' title='bbox 1188 2779 1223 2837; x_wconf 72' lang='grc' dir='ltr'><strong><em>Βῖ</em></strong></span> 
     </span>
     <span class='ocr_line' id='line_1_26' title="bbox 91 2864 1171 2960; baseline 0.005 -29"><span class='ocrx_word' id='word_1_211' title='bbox 91 2890 130 2932; x_wconf 88' lang='grc' dir='ltr'><strong><em>τε</em></strong></span> <span class='ocrx_word' id='word_1_212' title='bbox 153 2864 209 2934; x_wconf 84' lang='grc' dir='ltr'><strong><em>διὰ</em></strong></span> <span class='ocrx_word' id='word_1_213' title='bbox 230 2864 290 2954; x_wconf 85' lang='grc' dir='ltr'><strong><em>τήν</em></strong></span> <span class='ocrx_word' id='word_1_214' title='bbox 313 2869 431 2956; x_wconf 88' lang='grc' dir='ltr'><strong><em>φιλίαν</em></strong></span> <span class='ocrx_word' id='word_1_215' title='bbox 453 2868 512 2957; x_wconf 83' lang='grc' dir='ltr'><strong><em>τήν</em></strong></span> <span class='ocrx_word' id='word_1_216' title='bbox 538 2866 753 2960; x_wconf 75' lang='grc' dir='ltr'><strong><em>ὑπάρχουσαν</em></strong></span> <span class='ocrx_word' id='word_1_217' title='bbox 760 2925 769 2955; x_wconf 92' lang='grc'><strong><em>,</em></strong></span> <span class='ocrx_word' id='word_1_218' title='bbox 799 2873 914 2940; x_wconf 75' lang='grc' dir='ltr'><strong><em>ἰ’σασιν</em></strong></span> <span class='ocrx_word' id='word_1_219' title='bbox 937 2865 1039 2939; x_wconf 84' lang='grc' dir='ltr'><strong><em>αύτδν</em></strong></span> <span class='ocrx_word' id='word_1_220' title='bbox 1062 2865 1171 2938; x_wconf 78' lang='grc' dir='ltr'><strong><em>ἀπαν-</em></strong></span> 
     </span>
     <span class='ocr_line' id='line_1_27' title="bbox 90 2963 1170 3062; baseline 0.006 -28"><span class='ocrx_word' id='word_1_221' title='bbox 90 2992 149 3046; x_wconf 88' lang='grc' dir='ltr'><strong><em>τες</em></strong></span> <span class='ocrx_word' id='word_1_222' title='bbox 162 2963 241 3056; x_wconf 82' lang='grc' dir='ltr'><strong><em>ἡμῖν</em></strong></span> <span class='ocrx_word' id='word_1_223' title='bbox 256 2969 457 3059; x_wconf 82' lang='grc' dir='ltr'><strong><em>οἰκειότερον</em></strong></span> <span class='ocrx_word' id='word_1_224' title='bbox 474 2971 692 3057; x_wconf 87' lang='grc' dir='ltr'><strong><em>διακείμενον.</em></strong></span> <span class='ocrx_word' id='word_1_225' title='bbox 730 2967 814 3041; x_wconf 73' lang='grc' dir='ltr'><strong><em>ὥστ’</em></strong></span> <span class='ocrx_word' id='word_1_226' title='bbox 835 2967 873 3042; x_wconf 83' lang='grc' dir='ltr'><strong><em>ού</em></strong></span> <span class='ocrx_word' id='word_1_227' title='bbox 886 2973 948 3062; x_wconf 84' lang='grc' dir='ltr'><strong><em>χρὴ</em></strong></span> <span class='ocrx_word' id='word_1_228' title='bbox 964 2967 1049 3062; x_wconf 77' lang='grc' dir='ltr'><strong><em>παρ&gt;</em></strong></span> <span class='ocrx_word' id='word_1_229' title='bbox 1067 2970 1170 3062; x_wconf 81' lang='grc' dir='ltr'><strong><em>ήμιδν,</em></strong></span> 
     </span>
     <span class='ocr_line' id='line_1_28' title="bbox 92 3062 1193 3190; baseline 0.006 -55"><span class='ocrx_word' id='word_1_230' title='bbox 92 3062 179 3136; x_wconf 88' lang='grc' dir='ltr'><strong><em>ἀλλά</em></strong></span> <span class='ocrx_word' id='word_1_231' title='bbox 203 3069 281 3159; x_wconf 82' lang='grc' dir='ltr'><strong><em>[καί]</em></strong></span> <span class='ocrx_word' id='word_1_232' title='bbox 305 3065 388 3190; x_wconf 42' lang='grc' dir='ltr'><strong><em>ιμ’</em></strong></span> <span class='ocrx_word' id='word_1_233' title='bbox 415 3066 523 3140; x_wconf 84' lang='grc' dir='ltr'><strong><em>αότιῦν</em></strong></span> <span class='ocrx_word' id='word_1_234' title='bbox 539 3075 671 3143; x_wconf 88' lang='grc' dir='ltr'><strong><em>τούτων</em></strong></span> <span class='ocrx_word' id='word_1_235' title='bbox 700 3076 943 3144; x_wconf 86' lang='grc' dir='ltr'><strong><em>πυνθάνεσθαι</em></strong></span> <span class='ocrx_word' id='word_1_236' title='bbox 967 3075 1005 3144; x_wconf 85' lang='grc' dir='ltr'><strong><em>τὸ</em></strong></span> <span class='ocrx_word' id='word_1_237' title='bbox 1030 3077 1169 3144; x_wconf 90' lang='grc' dir='ltr'><strong><em>δίκαιον.</em></strong></span> <span class='ocrx_word' id='word_1_238' title='bbox 1190 3094 1193 3099; x_wconf 88' lang='grc'><strong>’</strong></span> 
     </span>
     <span class='ocr_line' id='line_1_29' title="bbox 91 3163 1220 3268; baseline 0.011 -31"><span class='ocrx_word' id='word_1_239' title='bbox 91 3171 230 3240; x_wconf 88' lang='grc' dir='ltr'><strong><em>πόντων</em></strong></span> <span class='ocrx_word' id='word_1_240' title='bbox 253 3167 286 3239; x_wconf 77' lang='grc' dir='ltr'><strong><em>δ’</em></strong></span> <span class='ocrx_word' id='word_1_241' title='bbox 313 3163 427 3264; x_wconf 80' lang='grc' dir='ltr'><strong><em>ἀνείη</em></strong></span> <span class='ocrx_word' id='word_1_242' title='bbox 451 3176 658 3264; x_wconf 84' lang='grc' dir='ltr'><strong><em>δεινότατον,</em></strong></span> <span class='ocrx_word' id='word_1_243' title='bbox 687 3179 717 3245; x_wconf 82' lang='grc' dir='ltr'><strong><em>εἰ</em></strong></span> <span class='ocrx_word' id='word_1_244' title='bbox 744 3193 817 3257; x_wconf 88' lang='grc' dir='ltr'><strong><em>τοῖς</em></strong></span> <span class='ocrx_word' id='word_1_245' title='bbox 838 3180 899 3263; x_wconf 80' lang='grc' dir='ltr'><strong><em>μὲν</em></strong></span> <span class='ocrx_word' id='word_1_246' title='bbox 922 3174 1036 3257; x_wconf 87' lang='grc' dir='ltr'><strong><em>ἀλλοις</em></strong></span> <span class='ocrx_word' id='word_1_247' title='bbox 1057 3185 1220 3268; x_wconf 74' lang='grc' dir='ltr'><strong><em>ψηφί-δὸ</em></strong></span> 
     </span>
     <span class='ocr_line' id='line_1_30' title="bbox 93 3267 1169 3369; baseline 0.007 -30"><span class='ocrx_word' id='word_1_248' title='bbox 93 3272 225 3354; x_wconf 86' lang='grc' dir='ltr'><strong><em>ζοισθε,</em></strong></span> <span class='ocrx_word' id='word_1_249' title='bbox 251 3267 332 3342; x_wconf 85' lang='grc' dir='ltr'><strong><em>όταν</em></strong></span> <span class='ocrx_word' id='word_1_250' title='bbox 354 3277 486 3365; x_wconf 86' lang='grc' dir='ltr'><strong><em>θάτερα</em></strong></span> <span class='ocrx_word' id='word_1_251' title='bbox 508 3278 635 3346; x_wconf 86' lang='grc' dir='ltr'><strong><em>τούτων</em></strong></span> <span class='ocrx_word' id='word_1_252' title='bbox 665 3272 904 3369; x_wconf 90' lang='grc' dir='ltr'><strong><em>ἀποφαίνωσιν</em></strong></span> <span class='ocrx_word' id='word_1_253' title='bbox 928 3284 1017 3368; x_wconf 85' lang='grc' dir='ltr'><strong><em>σφᾶς</em></strong></span> <span class='ocrx_word' id='word_1_254' title='bbox 1041 3274 1169 3361; x_wconf 80' lang='grc' dir='ltr'><strong><em>αύτούς,</em></strong></span> 
     </span>
    </p>
   </div>
   <div class='ocr_carea' id='block_1_3' title="bbox 56 3500 1170 4082">
    <p class='ocr_par' dir='ltr' id='par_1_3' title="bbox 56 3500 1170 3914">
     <span class='ocr_line' id='line_1_31' title="bbox 154 3500 1170 3581; baseline 0.006 -23"><span class='ocrx_word' id='word_1_255' title='bbox 154 3504 177 3558; x_wconf 72' lang='grc'><strong><em>,6</em></strong></span> <span class='ocrx_word' id='word_1_256' title='bbox 195 3500 307 3570; x_wconf 69' lang='grc' dir='ltr'><strong><em>ταύτηει</em></strong></span> <span class='ocrx_word' id='word_1_257' title='bbox 325 3508 448 3560; x_wconf 82' lang='grc' dir='ltr'><strong><em>τ......εΑ</em></strong></span> <span class='ocrx_word' id='word_1_258' title='bbox 466 3523 513 3574; x_wconf 68' lang='lat' dir='ltr'><strong><em>pr„</em></strong></span> <span class='ocrx_word' id='word_1_259' title='bbox 536 3524 600 3561; x_wconf 84' lang='lat' dir='ltr'>corr.</span> <span class='ocrx_word' id='word_1_260' title='bbox 621 3513 633 3561; x_wconf 92' lang='lat'>1</span> <span class='ocrx_word' id='word_1_261' title='bbox 654 3539 688 3548; x_wconf 93' lang='lat'><em>-</em></span> <span class='ocrx_word' id='word_1_262' title='bbox 710 3504 841 3575; x_wconf 76' lang='grc' dir='ltr'><strong><em>δπούσηει</em></strong></span> <span class='ocrx_word' id='word_1_263' title='bbox 860 3524 909 3561; x_wconf 88' lang='lat' dir='ltr'><strong><em>em.</em></strong></span> <span class='ocrx_word' id='word_1_264' title='bbox 928 3509 988 3561; x_wconf 87' lang='lat' dir='ltr'>Nbr.</span> <span class='ocrx_word' id='word_1_265' title='bbox 1007 3539 1041 3548; x_wconf 89' lang='lat'><em>-</em></span> <span class='ocrx_word' id='word_1_266' title='bbox 1064 3514 1078 3562; x_wconf 79' lang='lat'><strong>7</strong></span> <span class='ocrx_word' id='word_1_267' title='bbox 1097 3529 1170 3581; x_wconf 83' lang='grc' dir='ltr'><strong><em>γινο·</em></strong></span> 
     </span>
     <span class='ocr_line' id='line_1_32' title="bbox 56 3587 1169 3662; baseline 0.013 -28"><span class='ocrx_word' id='word_1_268' title='bbox 56 3629 58 3634; x_wconf 93' lang='grc'><em>.</em></span> <span class='ocrx_word' id='word_1_269' title='bbox 89 3589 174 3654; x_wconf 73' lang='grc' dir='ltr'><strong><em>μένης</em></strong></span> <span class='ocrx_word' id='word_1_270' title='bbox 191 3587 220 3648; x_wconf 81' lang='lat' dir='ltr'><strong><em>Q.</em></strong></span> <span class='ocrx_word' id='word_1_271' title='bbox 289 3589 334 3645; x_wconf 73' lang='lat'><strong><em>34.</em></strong></span> <span class='ocrx_word' id='word_1_272' title='bbox 354 3594 369 3644; x_wconf 82' lang='grc'>3</span> <span class='ocrx_word' id='word_1_273' title='bbox 385 3611 416 3662; x_wconf 85' lang='grc' dir='ltr'><strong><em>γε</em></strong></span> <span class='ocrx_word' id='word_1_274' title='bbox 433 3593 456 3644; x_wconf 85' lang='grc' dir='ltr'><strong>Α</strong></span> <span class='ocrx_word' id='word_1_275' title='bbox 474 3608 546 3660; x_wconf 65' lang='lat' dir='ltr'><strong>corr„</strong></span> <span class='ocrx_word' id='word_1_276' title='bbox 563 3592 628 3646; x_wconf 85' lang='grc' dir='ltr'><strong><em>τεΑ</em></strong></span> <span class='ocrx_word' id='word_1_277' title='bbox 639 3593 712 3662; x_wconf 63' lang='grc' dir='ltr'><strong><em>φοί)</em></strong></span> <span class='ocrx_word' id='word_1_278' title='bbox 731 3623 765 3632; x_wconf 82' lang='lat'><strong><em>-—</em></strong></span> <span class='ocrx_word' id='word_1_279' title='bbox 782 3595 833 3660; x_wconf 73' lang='grc' dir='ltr'><strong><em>μὲν</em></strong></span> <span class='ocrx_word' id='word_1_280' title='bbox 851 3588 1018 3659; x_wconf 70' lang='grc' dir='ltr'><strong><em>διαθήκαεθ</em></strong></span> <span class='ocrx_word' id='word_1_281' title='bbox 1037 3624 1071 3633; x_wconf 95' lang='grc'><strong>-</strong></span> <span class='ocrx_word' id='word_1_282' title='bbox 1090 3600 1104 3649; x_wconf 83' lang='grc'><strong>5</strong></span> <span class='ocrx_word' id='word_1_283' title='bbox 1123 3592 1169 3649; x_wconf 82' lang='grc' dir='ltr'><strong><em>αύ-</em></strong></span> 
     </span>
     <span class='ocr_line' id='line_1_33' title="bbox 90 3669 1168 3748; baseline 0.011 -26"><span class='ocrx_word' id='word_1_284' title='bbox 90 3670 133 3723; x_wconf 79' lang='grc' dir='ltr'><strong><em>τῶ</em></strong></span> <span class='ocrx_word' id='word_1_285' title='bbox 145 3671 166 3722; x_wconf 82' lang='grc' dir='ltr'><strong>Α</strong></span> <span class='ocrx_word' id='word_1_286' title='bbox 179 3700 213 3712; x_wconf 94' lang='grc'>-</span> <span class='ocrx_word' id='word_1_287' title='bbox 231 3677 246 3727; x_wconf 79' lang='grc'><strong>6</strong></span> <span class='ocrx_word' id='word_1_288' title='bbox 265 3669 477 3747; x_wconf 75' lang='grc' dir='ltr'><strong><em>διαφέρονταεΟ</em></strong></span> <span class='ocrx_word' id='word_1_289' title='bbox 495 3706 530 3717; x_wconf 95' lang='grc'><strong>-</strong></span> <span class='ocrx_word' id='word_1_290' title='bbox 547 3673 639 3731; x_wconf 76' lang='grc' dir='ltr'><strong><em>Ἱούδέ</em></strong></span> <span class='ocrx_word' id='word_1_291' title='bbox 650 3679 711 3731; x_wconf 74' lang='grc'><strong>001).</strong></span> <span class='ocrx_word' id='word_1_292' title='bbox 729 3707 763 3717; x_wconf 94' lang='lat'><em>-</em></span> <span class='ocrx_word' id='word_1_293' title='bbox 782 3682 797 3732; x_wconf 91' lang='grc'>8</span> <span class='ocrx_word' id='word_1_294' title='bbox 809 3675 962 3743; x_wconf 82' lang='grc' dir='ltr'><strong><em>οἰκειότητα</em></strong></span> <span class='ocrx_word' id='word_1_295' title='bbox 979 3685 1168 3748; x_wconf 76' lang='grc' dir='ltr'><strong><em>κεκτημένουεε</em></strong></span> 
     </span>
     <span class='ocr_line' id='line_1_34' title="bbox 91 3755 1166 3834; baseline 0.01 -28"><span class='ocrx_word' id='word_1_296' title='bbox 91 3769 140 3807; x_wconf 83' lang='lat' dir='ltr'><strong><em>em.</em></strong></span> <span class='ocrx_word' id='word_1_297' title='bbox 159 3755 207 3808; x_wconf 82' lang='lat' dir='ltr'><strong><em>Bk.</em></strong></span> <span class='ocrx_word' id='word_1_298' title='bbox 275 3756 322 3815; x_wconf 74' lang='lat'><strong><em>85.</em></strong></span> <span class='ocrx_word' id='word_1_299' title='bbox 340 3762 355 3812; x_wconf 80' lang='lat'><strong>2</strong></span> <span class='ocrx_word' id='word_1_300' title='bbox 373 3765 465 3830; x_wconf 71' lang='grc' dir='ltr'><strong><em>κυρίας</em></strong></span> <span class='ocrx_word' id='word_1_301' title='bbox 481 3761 551 3814; x_wconf 78' lang='grc' dir='ltr'><strong><em>εἶναι</em></strong></span> <span class='ocrx_word' id='word_1_302' title='bbox 571 3767 725 3834; x_wconf 78' lang='grc' dir='ltr'><strong><em>ψηφίσαιτο</em></strong></span> <span class='ocrx_word' id='word_1_303' title='bbox 741 3759 789 3815; x_wconf 68' lang='grc' dir='ltr'><strong><em>τὰς</em></strong></span> <span class='ocrx_word' id='word_1_304' title='bbox 807 3759 885 3816; x_wconf 79' lang='grc' dir='ltr'><strong><em>διαθ.</em></strong></span> <span class='ocrx_word' id='word_1_305' title='bbox 901 3763 922 3825; x_wconf 80' lang='lat' dir='ltr'><strong><em>Q</em></strong></span> <span class='ocrx_word' id='word_1_306' title='bbox 940 3793 974 3804; x_wconf 94' lang='lat'>—</span> <span class='ocrx_word' id='word_1_307' title='bbox 992 3769 1007 3818; x_wconf 84' lang='lat'>3</span> <span class='ocrx_word' id='word_1_308' title='bbox 1026 3761 1064 3819; x_wconf 71' lang='grc' dir='ltr'><strong><em>ὦν</em></strong></span> <span class='ocrx_word' id='word_1_309' title='bbox 1081 3783 1130 3820; x_wconf 87' lang='lat' dir='ltr'><strong><em>om.</em></strong></span> <span class='ocrx_word' id='word_1_310' title='bbox 1145 3766 1166 3817; x_wconf 83' lang='grc' dir='ltr'><strong>Α</strong></span> 
     </span>
     <span class='ocr_line' id='line_1_35' title="bbox 90 3840 1167 3914; baseline 0.013 -24"><span class='ocrx_word' id='word_1_311' title='bbox 90 3855 138 3907; x_wconf 61' lang='lat' dir='ltr'><strong><em>pr„</em></strong></span> <span class='ocrx_word' id='word_1_312' title='bbox 156 3841 183 3892; x_wconf 87' lang='lat' dir='ltr'><strong><em>in</em></strong></span> <span class='ocrx_word' id='word_1_313' title='bbox 201 3857 225 3895; x_wconf 83' lang='lat' dir='ltr'><strong><em>v.</em></strong></span> <span class='ocrx_word' id='word_1_314' title='bbox 243 3843 337 3898; x_wconf 64' lang='lat' dir='ltr'><strong>add01.</strong></span> <span class='ocrx_word' id='word_1_315' title='bbox 384 3843 430 3902; x_wconf 73' lang='lat'><strong><em>36·</em></strong></span> <span class='ocrx_word' id='word_1_316' title='bbox 451 3849 463 3900; x_wconf 91' lang='lat'>1</span> <span class='ocrx_word' id='word_1_317' title='bbox 482 3843 574 3912; x_wconf 74' lang='grc' dir='ltr'><strong><em>ἡμῶντ</em></strong></span> <span class='ocrx_word' id='word_1_318' title='bbox 591 3843 659 3914; x_wconf 67' lang='grc' dir='ltr'><strong><em>ἡμᾶς</em></strong></span> <span class='ocrx_word' id='word_1_319' title='bbox 676 3847 696 3909; x_wconf 80' lang='lat'>0</span> <span class='ocrx_word' id='word_1_320' title='bbox 715 3878 748 3887; x_wconf 90' lang='lat'>—</span> <span class='ocrx_word' id='word_1_321' title='bbox 767 3852 782 3902; x_wconf 76' lang='grc' dir='ltr'>ὅ</span> <span class='ocrx_word' id='word_1_322' title='bbox 800 3840 849 3901; x_wconf 80' lang='grc' dir='ltr'><strong><em>ούκ</em></strong></span> <span class='ocrx_word' id='word_1_323' title='bbox 866 3843 902 3900; x_wconf 80' lang='grc' dir='ltr'><strong><em>οἲν</em></strong></span> <span class='ocrx_word' id='word_1_324' title='bbox 919 3848 984 3902; x_wconf 79' lang='lat' dir='ltr'>Mai:</span> <span class='ocrx_word' id='word_1_325' title='bbox 1002 3847 1100 3904; x_wconf 75' lang='grc' dir='ltr'><strong><em>οὐκοῦν</em></strong></span> <span class='ocrx_word' id='word_1_326' title='bbox 1114 3851 1167 3913; x_wconf 74' lang='grc' dir='ltr'><strong><em>ΑΟ.</em></strong></span> 
     </span>
    </p>

    <p class='ocr_par' dir='ltr' id='par_1_4' title="bbox 90 3923 1168 4082">
     <span class='ocr_line' id='line_1_36' title="bbox 159 3923 1168 4000; baseline 0.007 -19"><span class='ocrx_word' id='word_1_327' title='bbox 159 3923 202 3981; x_wconf 73' lang='grc'><strong><em>87.</em></strong></span> <span class='ocrx_word' id='word_1_328' title='bbox 222 3929 237 3980; x_wconf 83' lang='grc'>3</span> <span class='ocrx_word' id='word_1_329' title='bbox 255 3924 420 4000; x_wconf 84' lang='grc' dir='ltr'><strong><em>οἰκοιότερον</em></strong></span> <span class='ocrx_word' id='word_1_330' title='bbox 436 3931 459 3982; x_wconf 82' lang='grc' dir='ltr'>Α</span> <span class='ocrx_word' id='word_1_331' title='bbox 477 3945 523 3997; x_wconf 64' lang='grc' dir='ltr'><strong><em>ρο,</em></strong></span> <span class='ocrx_word' id='word_1_332' title='bbox 541 3946 604 3983; x_wconf 79' lang='lat' dir='ltr'><strong>corr.</strong></span> <span class='ocrx_word' id='word_1_333' title='bbox 621 3937 631 3984; x_wconf 84' lang='lat'>1</span> <span class='ocrx_word' id='word_1_334' title='bbox 652 3960 684 3971; x_wconf 90' lang='lat'><em>—</em></span> <span class='ocrx_word' id='word_1_335' title='bbox 702 3936 719 3986; x_wconf 82' lang='lat'>4</span> <span class='ocrx_word' id='word_1_336' title='bbox 737 3936 783 3984; x_wconf 82' lang='grc' dir='ltr'><strong><em>καὶ</em></strong></span> <span class='ocrx_word' id='word_1_337' title='bbox 796 3933 845 3987; x_wconf 82' lang='lat' dir='ltr'>del.</span> <span class='ocrx_word' id='word_1_338' title='bbox 860 3933 936 3987; x_wconf 84' lang='lat' dir='ltr'>Schb.</span> <span class='ocrx_word' id='word_1_339' title='bbox 1000 3933 1045 3991; x_wconf 78' lang='lat'><strong><em>88.</em></strong></span> <span class='ocrx_word' id='word_1_340' title='bbox 1064 3938 1079 3988; x_wconf 86' lang='lat'>2</span> <span class='ocrx_word' id='word_1_341' title='bbox 1098 3933 1168 3988; x_wconf 77' lang='grc' dir='ltr'><strong><em>θάτ-</em></strong></span> 
     </span>
     <span class='ocr_line' id='line_1_37' title="bbox 90 4009 521 4082; baseline 0.021 -23"><span class='ocrx_word' id='word_1_342' title='bbox 90 4025 158 4078; x_wconf 81' lang='grc' dir='ltr'><strong><em>τεριι</em></strong></span> <span class='ocrx_word' id='word_1_343' title='bbox 171 4009 203 4075; x_wconf 83' lang='grc' dir='ltr'><strong><em>Δ,</em></strong></span> <span class='ocrx_word' id='word_1_344' title='bbox 219 4010 327 4082; x_wconf 81' lang='grc' dir='ltr'><strong><em>θέατρα</em></strong></span> <span class='ocrx_word' id='word_1_345' title='bbox 344 4013 377 4074; x_wconf 80' lang='lat' dir='ltr'><strong><em>Q:</em></strong></span> <span class='ocrx_word' id='word_1_346' title='bbox 397 4029 446 4070; x_wconf 85' lang='lat' dir='ltr'><strong><em>em.</em></strong></span> <span class='ocrx_word' id='word_1_347' title='bbox 463 4015 521 4068; x_wconf 78' lang='lat' dir='ltr'><strong>Ald.</strong></span> 
     </span>
    </p>
   </div>
   <div class='ocr_carea' id='block_1_4' title="bbox 0 0 1318 4476">
    <p class='ocr_par' dir='ltr' id='par_1_5' title="bbox 0 0 1318 4476">
     <span class='ocr_line' id='line_1_38' title="bbox 0 0 1318 4476; baseline 0 3"><span class='ocrx_word' id='word_1_348' title='bbox 0 0 1318 4476; x_wconf 95' lang='lat' dir='ltr'><strong><em> </em></strong></span> 
     </span>
    </p>
   </div>
  </div>
 </body>
</html>
