2626 4476
137 254 200 315 100
451 265 454 275 ¹
616 249 724 304 ΙΣΑΙΟΥ
1143 263 1213 305 ons.

135 423 286 490 πάππου
313 420 468 508 γυναικὸς
495 420 530 488 ἐκ
555 425 615 508 τῆς
636 418 745 497 οἰκίας
771 412 871 486 αῦτδν
900 415 1024 506 ἐκείνης
1052 414 1213 496 θάπτειν,

137 528 194 592 καὶ
225 516 428 613 λεγούσης’
410 550 464 591 οτι
490 512 688 608 βοάλοιτ’”
667 547 707 587 αν
737 514 818 609 αῦτη
840 519 878 587 τὸ
904 522 1000 605 σῶμα
1022 516 1060 584 τὸ
1089 515 1214 584 ἐκείνου

140 626 496 715 σομμεταχειρίζεσθαι
523 616 606 710 μεθ
631 620 804 712 ἡμῶνκαὶ
826 625 1008 708 κοσμῆσαι,
1031 621 1088 687 καλ
1109 622 1215 684 ταῦτα

141 726 348 815 ἱκετευούσης
368 730 423 795 καὶ
445 725 670 815 κλαιούσης,’
657 750 718 793 επε
720 731 833 814 ίσθην,
861 751 887 790 ω
873 710 1037 811 ἀνδρες,
1060 722 1116 786 καὶ
1139 719 1215 786 τοῦ·

139 850 187 916 τῳ
202 827 407 916 προσελθων
420 827 596 916 μαρτύρων
612 827 761 895 ἐναντίον
777 818 907 894 είπον”
889 850 942 892 οτι
965 823 1121 891 ἐντεῦθεν
1136 845 1215 888 ποι-

139 930 266 1018 ήσομαι
293 929 353 1018 τὴν
380 929 505 1019 ταφήν·
540 929 716 1018 δεδεημένη
745 927 808 1016 γὰρ
837 928 888 1017 ε’ίη
917 929 1023 993 ταῦτα
1052 936 1167 991 ποιεῖν
1195 917 1215 1007 ἡ

89 1044 128 1100 23
139 1056 258 1099 τουτου
282 1025 421 1120 ἀδελφή.
465 1033 520 1097 καλ
544 1034 648 1096 ταῦτα
663 1023 847 1118 Διοκλῆς
831 1028 974 1152 ακράσας
995 1018 1124 1093 οὐδέν’
1107 1037 1216 1091 αντεῖ-
1254 1090 1256 1094 ⁴

139 1159 218 1214 πεν,
249 1126 334 1199 ἀλλὰ
361 1132 454 1200 καῖ’
440 1135 613 1200 εωνισθαί
641 1159 675 1199 τι
695 1136 763 1199 τιῦν
785 1131 834 1210 εἰς
855 1130 915 1233 τὴν
934 1128 1061 1218 ταφήν,
1090 1129 1160 1193 τῶν
1182 1125 1217 1192 δὲ

141 1229 320 1323 ἀρραβῶνα
336 1227 569 1301 δεδωκέναι
531 1259 627 1312 ουτος
650 1233 787 1323 φάσκων
802 1238 906 1300 ταῦτα
906 1225 1014 1319 ἠξίου
1033 1255 1103 1317 παρ
1106 1222 1217 1350 ’έμρῦ

143 1338 266 1420 λαβεῖν,
294 1338 351 1402 καλ
379 1334 652 1424 διωμολογήσατο
681 1339 748 1402 τιῦν
775 1335 835 1420 μὲν
863 1329 1098 1423 ἠγορασμένων
1118 1328 1217 1418 τιμὴν

143 1430 389 1521 ἀπολαβεῖν,
361 1463 407 1503 ων
431 1437 467 1503 δέ
489 1430 707 1525 ἀρραβιῦνα”
690 1460 814 1556 εφασκε
837 1438 1031 1520 δεδωκέναι,
1055 1436 1218 1520 συστῆσαι

142 1537 221 1617 τοῦς
243 1538 416 1623 λαβόντας.
460 1532 562 1617 εῦθῦς
585 1537 642 1606 οῦν
664 1543 761 1607 τοῦτο
784 1544 1050 1628 παρεφθέγγετο,
1073 1560 1120 1614 ως
1143 1527 1214 1601 οὐδ’

144 1637 256 1708 ὁτιοῦν
286 1641 336 1729 είη
360 1646 406 1706 Κί
407 1665 473 1727 ρων
501 1641 769 1723 καταλελοιπώς,
798 1636 916 1708 οάδένα
939 1640 1036 1727 λόγον
1059 1637 1142 1721 ἐμοῦ
1164 1659 1217 1701 πω

93 1754 131 1810 24
144 1746 347 1826 ποιουμένου
370 1744 449 1828 περὶ
470 1767 538 1807 των
560 1740 685 1810 ἐκείνου
704 1743 890 1832 χρημάτων.
926 1769 969 1808 κα
971 1748 1038 1809 ίτοι
1060 1739 1091 1807 ελ
1112 1738 1157 1826 μὴ
1180 1724 1217 1826 ἦν

143 1843 367 1930 θυγατριδοῦς
388 1849 435 1910 Κί
422 1849 557 1928 ίρωνος,
587 1837 645 1910 οῦκ
674 1834 714 1911 ἀν
735 1848 840 1913 ταῦτα
863 1845 1110 1929 διωμολογεῑτο,
1141 1832 1214 1906 ἀλλ’

143 1942 289 2022 εκείνους
311 1935 351 2011 ἀν
379 1943 457 2023 τοὺς
486 1943 603 2031 λόγους
625 1945 715 2032 ἐ’λεγε
739 1945 798 2024 ,σὺ
823 1947 859 2013 δέ
887 1953 939 2025 τίς
968 1941 1014 2028 ελ·
1043 1948 1097 2010 σοὶ
1128 1942 1165 2009 δὲ
1186 1946 1219 2007 τί

144 2047 307 2135 προσήκει
328 2047 497 2130 θάπτειυ,·
519 2039 557 2112 οῦ
579 2046 749 2133 γιγνώσκω
773 2067 826 2115 σε·
856 2042 893 2115 οῦ
915 2047 960 2136 μὴ
984 2047 1069 2114 ε’ίσει
1091 2044 1140 2123 εἰς
1161 2040 1219 2132 τὴν

147 2147 285 2215 οῖκίαν.“
330 2142 426 2216 ταῦτ’
453 2149 562 2216 εἰπεῖν
583 2153 759 2238 προσῆκεν,
791 2143 812 2216 ά
833 2176 898 2237 περ
921 2153 977 2217 νῦν
1005 2147 1138 2235 ἑτέρους
1160 2149 1220 2212 πέ·

147 2275 242 2316 πεικε
265 2251 379 2336 λέγειν.
417 2254 473 2317 νῦν
497 2251 532 2317 δέ
555 2253 708 2318 τοιοῦτον
730 2252 790 2334 μέν
808 2246 904 2320 οῦδὲν
919 2249 1023 2332 εἶπεν,
1048 2249 1097 2329 εἰς
1119 2249 1163 2317 ἕω
1186 2248 1219 2315 δέ

146 2345 321 2437 τάργύριον
337 2351 482 2419 ἐκέλευεν
497 2352 700 2439 εἰσενεγκεῖν.
733 2356 802 2420 Καὶ
817 2358 922 2420 ταῦτα
938 2350 983 2431 ὡς
999 2346 1113 2440 ἀληθῆ
1128 2352 1218 2439 λέγω,

144 2452 241 2520 κάλει
262 2480 321 2538 μοι
342 2454 469 2521 τούτων
491 2454 569 2532 τοὺς
590 2455 770 2543 μάρτυρας.

144 2578 147 2583 ’
572 2575 796 2627 ΜΑΡΊὝΡΕΣ.

95 2671 133 2727 25
238 2649 286 2723 Οῦ
308 2663 418 2724 τοίνυν
441 2655 563 2734 ἐκεῖνος
583 2657 695 2742 μόνος,
719 2650 795 2722 ἀλλ’
822 2652 898 2725 οῦδὲ
925 2653 943 2723 δ
968 2662 1023 2724 νῦν
1051 2650 1220 2746 ἀμφισβη-

148 2761 213 2824 τοῦν
242 2762 301 2823 τοῦ
329 2759 449 2845 κλήρου
478 2759 631 2823 τοιοῦτον
660 2755 753 2825 εἶπεν
777 2752 881 2839 οῦδέν,
912 2752 984 2824 ἀλλ’
1009 2754 1077 2825 ὑπὸ
1104 2759 1220 2826 τοῦτον

147 2861 444 2943 παρασκευασθεὶς
466 2851 681 2947 ἀμφισβητεῖ.
718 2852 869 2926 κάκείνου
891 2857 928 2925 τδ
952 2858 1012 2943 μέν
1035 2855 1120 2948 παρ’
1145 2861 1221 2945 ἐμοῦ

99 2973 103 2977 “
147 2959 312 3043 κομισθὲν
328 2952 484 3046 ἀργύριον
499 2953 557 3025 οῦκ
578 2957 803 3048 ἐθελήσαντος
820 2954 1014 3044 ἀπολαβεῖν,
1037 2960 1133 3048 παρὰ
1149 2961 1221 3029 τοῦ·

145 3085 206 3128 του
230 3053 262 3126 δ’
289 3052 513 3149 ἀπειληφέναι
533 3064 574 3148 τῇ
595 3057 756 3150 ὑστεραίᾳ
778 3061 974 3151 φάσκοντος,
1002 3056 1061 3129 οῦκ
1083 3061 1222 3130 ἐκωλυό-

145 3189 213 3251 μην
236 3160 444 3228 συνθάπτειν
461 3153 544 3226 ἀλλὰ
567 3161 679 3229 πάντα
695 3169 908 3231 συνεποίουν·
934 3157 991 3247 οῦχ
1012 3155 1109 3243 ὅπως
1130 3165 1223 3231 τοῦδε

150 3257 386 3341 ἀναλίσκοντος
408 3256 484 3328 οῦδὲ
499 3265 689 3346 Διοκλέους,
713 3258 788 3331 ἀλλ’
807 3263 844 3342 ἐξ
864 3258 910 3332 οῦν
926 3263 1049 3345 ἐκεῖνος
1065 3268 1223 3333 κατέλιπε

99 3381 136 3437 2⁶
150 3370 351 3453 γιγνομένων
371 3367 438 3431 ταῖν
455 3363 502 3442 εἰς
519 3358 618 3433 αῦτδν
635 3359 872 3462 ἀναλωμάτων.
909 3373 1020 3434 καίτοι
1039 3369 1096 3434 καὶ
1118 3367 1222 3454 τούτῳ

148 3472 326 3557 προσῆκεν,
350 3467 380 3534 εἰ
401 3464 446 3554 μὴ
470 3466 616 3545 πάππος
644 3463 684 3554 ἠν
705 3493 765 3552 μοι
786 3475 909 3556 Κίρων,
939 3463 1045 3537 ὠθεῖν
1069 3469 1155 3556 (καλ)
1176 3469 1223 3536 ἐκ·

149 3570 286 3656 βάλλειν
312 3571 369 3636 καὶ
395 3567 533 3636 κωλύειν
562 3568 781 3636 συνθάπτειν.
832 3564 927 3638 οῦδὲν
954 3568 1017 3657 γὰρ
1047 3563 1168 3656 ὅμοιον
1188 3559 1223 3660 ἦν

238 3737 284 3795 22.
298 3743 312 3791 ’ί
325 3737 365 3803 εἴη
377 3738 452 3796 Rsk.:
465 3741 508 3791 λ’νι
559 3737 604 3793 28.
618 3742 632 3791 2
645 3738 705 3792 τῶν
718 3734 748 3790 δέ
760 3738 820 3792 Bk:
834 3735 884 3792 τὸν
897 3735 935 3791 δέ’
945 3766 978 3777 -
990 3743 1005 3790 ῖ
1019 3739 1225 3796 καταλιποιπολι

238 3823 282 3877 24.
301 3827 317 3878 4
335 3839 377 3877 σε.
396 3854 429 3864 -
447 3824 513 3877 εἴσω
531 3823 568 3875 εἰς
585 3823 646 3877 Bk:
664 3823 747 3889 ιίοίηο
764 3854 797 3863 -
816 3828 831 3876 6
850 3823 970 3892 Ηωγοοε.
988 3839 1014 3877 v.
1031 3825 1069 3878 aie
1090 3827 1143 3878 ῖω·
1166 3823 1225 3878 ἀντὶ

153 3908 201 3959 τοῦ
226 3908 262 3960 εῖν
283 3902 435 3981 ἀρχομένην
457 3904 560 3981 ἡμέραν
575 3904 671 3961 Ἰσαῖος
694 3911 724 3960 έν
746 3909 788 3974 τῷ
811 3913 875 3978 περὶ
897 3909 949 3961 τοῦ
965 3913 1092 3981 Κίροινοε
1114 3913 1157 3976 (ex
1180 3924 1224 3962 em.

149 3990 261 4059 Nalesii)
272 3989 376 4065 κλήρου.
429 3993 474 4049 25.
487 3989 602 4048 θάπωιι
617 3988 654 4045 ὠο
664 3992 711 4045 Bk.
763 3991 809 4048 δέ.
822 3995 911 4060 2.,κοι
922 4009 1008 4061 prm
1024 3999 1071 4047 καὶ
1083 3996 1140 4067 εδδ.
1151 3995 1223 4048 Sehb.
