2626 4476
130 214 171 276 94
375 281 377 285 ,
617 221 724 277 lnior
938 236 939 241 ¹
1138 241 1205 283 οτι.

165 407 246 455 φεται
263 384 313 440 τὸν
331 382 504 458 ἀδελφιδοῦν,
522 386 637 458 φάσκων
656 386 837 461 θυγατριδοῦς
854 389 925 442 εέναι
943 394 1079 459 Κέρωνος,
1097 397 1145 445 καί
1161 387 1205 447 ότι

113 477 128 526 5
163 469 180 538 ἡ
197 468 266 543 γυνὴ
289 473 338 524 τοῦ
362 467 570 537 τελευτήσαντος
593 473 690 526 ἑκοῦσα
712 470 851 546 προέδωκε
874 472 925 527 τῦν
947 472 1047 542 κλῆρον
1068 476 1110 543 τῷ
1128 471 1204 530 ἀδελ

163 552 245 623 φιδῷ,
264 556 309 609 ἵνα
326 560 404 627 μέρος
421 552 506 608 δοῦσα
525 554 601 625 αῦτῷ
619 557 654 610 τὰ
671 557 752 612 λοιπὰ
770 554 897 630 κερδάνη,
926 562 982 610 Καὶ
999 553 1016 624 ή
1032 562 1084 625 μέν
1101 558 1205 614 ὑπόθε-

163 655 205 718 σις
217 635 294 705 αῦτη,
311 636 327 706 ἦ
340 638 434 695 στάσις
445 639 476 693 δέ
487 641 652 710 στοχασμός·
671 647 790 711 ζητεῖται
802 640 854 715 γὰρ
867 643 922 696 εἴτε
936 640 1117 714 θυγατριδοῦς
1129 648 1205 700 έστιν

163 719 241 778 οῦτος
263 720 311 778 τὀῦ
336 730 460 796 Κέρωνος
481 722 591 797 γνήσιος
613 728 668 780 εἴτε
689 727 729 780 οῦ.
770 726 945 781 έπιττλέκετσι
968 723 995 780 δ’
1016 724 1093 796 αὐτῷ
1118 735 1165 783 καί
1188 727 1204 797 ή

163 806 233 861 κατὰ
252 808 388 876 ποιότητα
406 806 526 878 ζήτησις·
548 806 563 863 ὁ
585 808 637 882 γὰρ
655 805 815 882 ἀδελφιδοῦς
832 808 989 883 ἠγωνίζετο,
1013 810 1103 884 λέγων
1120 808 1204 869 {imi

97 900 128 949 10
163 897 209 945 καί
227 890 320 962 δῶμεν
338 897 444 961 έκείνην
460 900 577 966 γνησίαν
594 895 664 948 εἶναι
682 897 823 968 θυγατέρα
841 901 976 968 Κέρωνος,
992 895 1086 965 ἐπειδὴ
1104 898 1203 954 έτιλεῦ·

162 997 245 1044 τησεν
263 983 360 1047 εκείνη,
377 973 392 1032 ὁ
410 976 439 1031 δ’
457 976 513 1033 υἱός
530 975 611 1047 αὐτῆς
629 974 795 1050 ἀμφισβητεῖ
816 981 875 1046 νῦν,
899 987 1078 1054 προτιμητέος
1095 987 1173 1038 ἐστίν
1189 984 1203 1038 ῦ

162 1060 232 1116 κατὰ
252 1069 358 1135 πατέρα
376 1059 535 1134 ἀδελφιδοῦς
569 1067 617 1118 τοῦ
636 1061 691 1118 ἀπὸ
708 1064 847 1138 θυγατρὸς
865 1061 985 1138 έκγόνου,
1001 1066 1074 1121 κατὰ
1092 1068 1144 1122 τῦν
1161 1064 1203 1124 νό-

161 1166 216 1214 μον
233 1150 345 1212 ἐκεῖνον,
362 1145 413 1201 τὸν
429 1144 574 1247 κελεύοντα
586 1151 777 1220 προτιμᾶσθαι
788 1148 852 1204 τοῦς
866 1146 921 1206 ἀπὸ
933 1152 992 1206 τῶν
1009 1148 1136 1253 ἀρρένων
1146 1155 1203 1208 τῶν

161 1227 217 1284 ἀπο
235 1232 294 1284 τῶν
312 1231 444 1298 θηλειῶν.
485 1219 563 1286 οῦτος
578 1234 630 1305 γὰρ
647 1232 836 1300 τεχνικώτατα
853 1232 926 1290 πάνυ
943 1235 1086 1304 σιωπήσας
1106 1239 1203 1292 τοῦτον

97 1321 128 1371 15
162 1315 213 1369 τὸν
230 1313 324 1386 νόμον,
347 1321 377 1370 έκ
394 1335 441 1384 της
456 1320 516 1372 τῶν
534 1316 673 1374 τεκόντων
690 1319 821 1391 διαφορᾶς
837 1315 1010 1391 ἀγωνίζεται,
1034 1319 1176 1378 δεικνῦς”
1161 1344 1203 1376 οτι

162 1394 229 1453 ῦσον
247 1400 372 1475 θυγάτηρ
389 1398 508 1474 ἀδελφοῦ
528 1405 675 1476 οιιιειοτέρα
693 1410 749 1457 τοῖς
765 1399 928 1470 τελευτῶσι,
945 1407 1079 1461 τοσοῦτον
1095 1411 1203 1480 ἔκγονος

161 1480 307 1556 ἀδελφιδοῦ
326 1485 456 1588 διαφέρει.
495 1492 614 1558 ἔρρωται
637 1479 686 1542 οῦν
708 1489 834 1543 ἐνταῦθα
852 1511 893 1557 την
880 1487 1009 1589 δικαίῳ
1027 1497 1074 1544 καί
1090 1488 1205 1547 ἀσθενεῖ

162 1570 202 1638 τῷ
220 1578 341 1640 νομίμῳ·
359 1572 411 1640 τὴν
428 1570 459 1625 δέ
470 1575 652 1645 έργασίαν
613 1594 671 1626 των
683 1571 841 1641 κεφαλαίων
852 1571 922 1626 κατὰ
938 1573 988 1641 τὴν
1000 1575 1103 1630 οἰκείαν
1121 1575 1202 1631 πόλιν

161 1655 303 1726 ἐργάζεται
320 1655 447 1726 δύναμιν.
1017 1677 1019 1681 ’

207 1753 283 1828 Ἐπὶ
305 1775 376 1840 τοῖς
397 1762 579 1840 τοιούτοις,
603 1748 628 1827 ὦ
654 1759 785 1850 ἀνέρες,
810 1754 931 1850 ἀνάγκη
956 1761 1028 1839 ἐστὶ
1046 1766 1201 1847 χαλεπῶς

128 1867 250 1950 φέρειν,
274 1855 355 1930 όταν
376 1863 464 1942 τινὲς
484 1862 529 1950 μή
553 1862 743 1946 μόνοντῶν
772 1856 956 1951 ἀλλοτρίων
978 1858 1201 1956 ἀμφισβητεῖν

125 1967 303 2049 τολμῶσιν,
328 1959 488 2031 ἀλλὰκαὶ
511 1962 553 2029 τὰ
576 1963 698 2030 ἐκτῶν
721 1964 831 2049 νόμων
854 1965 967 2033 δίκαια
988 1979 1061 2044 τοῖς
1084 1971 1201 2056 σφετέ-

127 2092 199 2155 ροις
235 2061 342 2134 αῦτιῦν
377 2067 487 2153 λόγοις
517 2056 673 2153 ἀφανιεῖν
709 2064 905 2146 ἕλπίζωοιν·
939 2062 1024 2155 ὅπερ
1057 2071 1112 2135 καὶ
1149 2072 1200 2135 νῦν

127 2164 220 2236 οὗτοι
241 2183 353 2236 ποιεῖν
376 2168 568 2255 ἐγχειροῦσι.
612 2171 671 2234 τοῦ
697 2167 760 2254 γὰρ
783 2164 942 2257 ήμειέρου
969 2169 1118 2237 πάππου
1141 2175 1200 2237 Κί-

126 2294 230 2357 ρωνος
246 2264 303 2335 οῦκ
327 2265 474 2347 ἀπαιδος
488 2268 753 2355 τελωνήσαντας,
778 2264 853 2335 ἀλλ’
871 2267 958 2358 ήμᾶς
978 2273 1012 2337 ἐκ
1033 2269 1200 2359 θυγατρός

126 2367 228 2438 αὑτοῦ
248 2377 387 2459 γνησίας
408 2372 536 2449 παῖδας
559 2367 649 2459 αῦτηῖ
663 2371 955 2454 καταλελοιπότος,
978 2366 1073 2442 οὗτοι
1094 2377 1200 2441 τοῦτο

124 2471 244 2560 κλήρου
274 2472 490 2560 λαγχάνουσιν
509 2460 559 2551 Ιοῖς
582 2472 747 2560 ἐγγυτάτω
769 2478 883 2559 γένους
912 2468 1021 2558 ὄντες,
1050 2468 1140 2562 ήμᾶς
1167 2498 1200 2540 τε

124 2571 312 2661 ὑβρίζουσιν
335 2571 382 2654 ὥς
404 2570 462 2642 οῦκ
484 2574 520 2654 ἐξ
541 2574 664 2641 ἐκείνου
686 2574 857 2662 θυγατρὸς
879 2571 987 2658 ὄντας,
1011 2568 1090 2642 οῦδὲ
1110 2601 1199 2663 γενο-

89 2682 225 2766 εμένης
248 2672 338 2764 αῦτη]
366 2677 507 2744 πώποτε
533 2676 571 2743 τό
595 2676 770 2763 παράπαν.
823 2678 932 2744 α’ίτιον
955 2677 991 2743 δὲ
1016 2680 1076 2744 τοῦ
1099 2683 1200 2744 ταῦτα

125 2794 238 2846 ποιεῖν
261 2774 381 2857 αὐτούς
403 2778 493 2846 ἐστιν
514 2775 533 2866 ή
557 2778 683 2845 τούτων
706 2779 883 2857 πλεονεξία
899 2778 1040 2865 (καὶ)
1005 2805 1043 2846 το
1068 2782 1199 2869 πλῆθος

124 2884 191 2948 τῶν
222 2880 399 2970 χρημάτων
432 2874 479 2946 ὦν
507 2887 666 2969 Κίρωνι
666 2907 714 2948 ιεν
748 2883 1003 2963 καταλέλοιπεν,
1039 2876 1134 2951 οῦτοι
1167 2875 1195 2949 δ

125 2982 236 3066 έχουσι
263 2982 465 3068 βιασάμενοι
492 2985 548 3049 καὶ
570 2988 746 3071 κρατοῦσι
773 2988 830 3052 καὶ
858 2986 1027 3101 τρλμασιν
1049 2977 1121 3069 ἀμα
1142 2984 1199 3069 μὲν

125 3080 278 3172 λέγειντ
253 3108 299 3162 ως
322 3077 416 3150 οῦδὲν
437 3084 715 3152 καταλέλοιπεν’
701 3099 839 3166 εκεῑνος,
869 3078 939 3168 ἀμα
962 3085 998 3150 δὲ
1020 3090 1199 3153 ποιεῖσθαι

91 3190 187 3256 θεοῦ
209 3185 328 3273 κλήρου
351 3184 461 3273 τήνρ
426 3213 446 3251 α
435 3178 686 3276 ’μφισβήτησικ
723 3185 782 3274 τήν
803 3187 863 3271 μὲν
886 3183 944 3252 οὐν
965 3192 1074 3273 κρίσιν
1096 3211 1135 3253 ου
1123 3180 1200 3253 ’δεῖ
1234 3272 1240 3281 Ι

124 3313 184 3372 μοι
205 3283 403 3371 νομίζειν
372 3295 458 3361 εῖναι
479 3286 600 3377 ταύτην
629 3288 716 3376 πρὸς
736 3288 795 3355 τὸν
818 3287 971 3376 εἰληχότα
999 3313 1057 3354 του
1044 3287 1198 3376 κλήρου

124 3388 183 3477 τήν
206 3390 307 3478 δίκην,
337 3383 421 3456 ἀλλὰ
450 3389 538 3478 πρὸς
558 3393 705 3458 Διοκλέα
727 3389 784 3459 τόν
810 3391 937 3472 Φλυέα,
965 3389 1025 3457 τὸν
1043 3383 1198 3480 Ὀρέστην

209 3545 272 3614 hyp.
291 3547 306 3595 5
325 3539 467 3616 παρέδωκε
484 3560 531 3612 pr„
549 3561 613 3598 cor-r.
634 3548 645 3598 1
665 3573 698 3583 —
717 3548 732 3598 8
750 3539 915 3599 έπιπίό..αι
932 3559 980 3613 ης,
998 3559 1062 3600 corr.
1084 3548 1096 3596 1
1116 3573 1150 3584 -
1169 3547 1197 3597 15

124 3625 254 3700 διαφορ..
272 3644 320 3698 τις,
339 3645 402 3683 corr.
423 3634 434 3682 1
454 3659 488 3669 —-
509 3632 538 3684 18
557 3630 647 3682 οίκέαν
663 3645 709 3698 pr„
728 3645 792 3683 corr.
805 3631 829 3682 2.
897 3631 921 3683 1.
940 3624 1131 3698 λάφανίζεινε
1151 3643 1197 3680 em.

126 3714 213 3767 Baiter
236 3744 268 3752 —
292 3710 448 3779 ἐλπίζουσιν
465 3729 512 3783 pr„
535 3729 598 3767 corr.
619 3717 630 3764 1
655 3741 689 3751 -
712 3714 793 3766 ῖτοῦ
810 3732 841 3766 τε
858 3713 934 3767 Rsk.:
956 3716 990 3770 τί
1005 3712 1054 3767 τοῦ
1079 3743 1113 3753 —-
1137 3717 1198 3769 8τε

126 3794 545 3854 inv.add.2-90133·÷Rsk.:
564 3794 627 3850 οὔτε
676 3796 704 3852 2,
721 3801 736 3851 2
754 3801 799 3850 καί
817 3797 949 3852 εέέ.ΒεΙι.
999 3796 1029 3855 3,
1045 3801 1061 3851 3
1079 3797 1197 3867 Ηιτροοτ.

126 3897 150 3934 v.
170 3880 259 3935 Φλυέα
282 3887 325 3951 (ex
349 3899 397 3937 em.
416 3882 487 3947 Bk.)·
507 3877 553 3936 ³1⁶.
571 3887 603 3935 έν
627 3881 668 3950 τῷ
690 3887 754 3953 περί
775 3881 825 3935 τοῦ
848 3887 974 3954 Κέρωνος
997 3881 1106 3946 [σκετο.
1124 3882 1198 3935 Blan-

125 3968 204 4034 oardi)
221 3963 327 4042 κλήρου.
