2626 4476
57 257 127 308 ιο.
368 239 815 295 σεειτοιωωοειωωοι.
1076 215 1153 297 139'

57 408 223 496 μάρτυρές
245 407 319 475 ἐστε
341 409 466 487 πάντες
489 403 543 477 ότι
565 411 598 476 οἱ
619 413 678 498 τῆς
700 409 780 497 ἐμής
808 408 962 495 γυναικὸς
985 400 1137 498 άδελφοί,

57 512 254 595 Χαιρέλεως
275 514 332 577 καί
347 510 583 598 Μακάρτατος,
606 505 644 578 ού
666 516 733 579 τῶν
756 510 1031 599 λειτουργούντων
1053 497 1138 598 ἦσαν

58 607 145 680 άλλὰ
167 618 234 679 τῶν
255 619 413 701 βραχεῖαν
435 618 640 703 κεκτημένων
663 608 791 682 ούσίαν.
825 613 1053 697 Μακάρτατον
1075 612 1138 701 γάρ

59 714 132 781 ’ίστε
155 707 208 781 ότι
230 714 268 781 τὸ
289 719 414 801 χωρίον
437 707 648 800 ἀποδόμενος
662 717 719 781 καὶ
736 714 853 804 τριήρη
876 714 1061 803 πριάμενος
1082 716 1140 780 καὶ

58 816 184 906 ταύτην
207 816 470 905 πληρωσάμενος
493 816 541 896 εἰς
563 816 696 906 Κρήτην
719 816 930 895 ἐξέπλευσεν·
954 810 991 884 ού
1013 815 1077 904 γάρ
1098 815 1136 882 τό

58 917 154 1004 ἐργον
177 912 305 1006 ἀφανές
327 917 463 1005 ἐγένετο,
495 912 657 985 ἀλλὰκαὶ
682 917 779 1005 λόγον
802 916 836 985 ἐν
857 922 905 1005 τῷ
932 917 1026 1006 δήμῳ
1049 942 1139 1003 παρ·

57 1026 142 1104 έσχε,
164 1019 209 1110 μή
232 1021 382 1106 πόλεμον
404 1018 484 1110 ήμῑν
508 1014 581 1088 ἀντ’
609 1021 739 1111 εἰρήνης
762 1021 886 1100 ἐκεῖνος
913 1020 1001 1109 πρὸς
1022 1029 1139 1088 Λακε-

58 1123 253 1207 δαιμονίους
276 1123 439 1212 πεινήσετε.
484 1125 680 1210 Χαιρέλεως
708 1124 744 1190 δὲ
765 1121 802 1190 τδ
828 1124 1053 1211 Προσπαλτσῑ
1070 1137 1189 1206 xeo-4⁹

56 1230 131 1312 ρίον
158 1227 345 1307 κατέλιπεν,
376 1225 394 1292 ὃ
424 1228 528 1292 πλέον
557 1219 615 1292 ούκ
647 1216 687 1293 άν
717 1219 807 1313 εύροι
835 1225 1014 1312 τριάκοντα
1035 1229 1137 1309 μνῶν.

57 1331 178 1417 συνέβη
208 1327 244 1395 δέ
272 1327 330 1395 τὸν
358 1329 419 1412 μὲν
447 1331 553 1395 ταῦτα
575 1328 805 1396 καταλιπόντα
833 1330 1029 1414 τελευτῆσαι
1051 1327 1138 1414 πρό-

57 1455 153 1522 τερον
174 1421 451 1520 ήΜακάρτατσν,
476 1429 599 1498 ἐκεῖνον
622 1431 658 1497 δὲ
680 1429 764 1515 μετά
786 1425 908 1520 ταύτης
929 1434 989 1517 τής
1011 1424 1137 1511 οὐσίας,

56 1530 97 1620 ἣν
112 1531 193 1614 ἐχων
217 1530 429 1610 ἐξέπλευσεν·
454 1524 588 1598 ἅπαντα
610 1530 673 1618 γὰρ
688 1534 743 1598 καὶ
758 1530 818 1618 τήν
833 1530 949 1620 τριήρη
964 1533 1021 1597 καὶ
1037 1527 1137 1597 αδτδν

57 1632 142 1700 κατὰ
157 1631 215 1701 τὸν
230 1634 378 1719 πόλεμον
395 1627 561 1701 ἇπιόλεσε.
594 1635 881 1723 καταλειφθέντος
896 1633 932 1699 δέ
947 1636 1007 1699 τού
1022 1638 1137 1719 Προσ-

58 1738 186 1804 παλτοῖ
203 1742 327 1823 χωρίου
350 1739 404 1804 καὶ
426 1741 619 1823 γιγνομένου
638 1740 697 1825 τῆς
720 1734 853 1803 ἐκείνων
875 1728 1033 1823 ἀδελφῆς,
1057 1733 1137 1822 ἐμής

59 1838 96 1904 δὲ
117 1838 279 1924 γυναικός,
302 1837 469 1927 ἐπείσθην
483 1832 545 1904 ὑπ’
564 1836 689 1927 ἐκείνης
707 1837 903 1926 εἷσποιήσαι
918 1837 1136 1925 Μακαρτάτῳ

58 1938 117 2007 τδν
145 1940 256 2027 ἕτερον
282 1944 349 2007 τῶν
378 1939 528 2007 παίδων·
564 1934 621 2022 οὐχ
636 1941 709 2006 Ιἵνα
739 1938 814 2027 (μή)
844 1941 1078 2028 λειτουργσίην,
1107 1940 1138 2006 εἰ

57 2042 276 2130 προσγένοιτό
299 2068 358 2126 μοι
386 2046 485 2109 τοῦτο
513 2041 551 2109 τό
572 2048 705 2127 χωρίον.
756 2037 883 2126 δμοίως
902 2040 965 2129 γάρ
986 2043 1043 2107 καὶ
1065 2040 1134 2130 [μή]
1151 2055 1189 2112 5⁰

58 2142 318 2229 εἰσποιήσαντος
345 2143 444 2209 τοῦτό
473 2137 503 2231 γ’
535 2139 677 2230 ὑπῆρχε·
712 2136 789 2210 ούδέ
818 2142 880 2231 γάρ
911 2142 1137 2230 ἐλειτούργουν

59 2243 116 2311 διὰ
138 2243 237 2311 τοῦτό
259 2237 291 2330 γ’
316 2237 415 2331 ήττον
439 2238 543 2326 ούδέν,
568 2239 654 2312 άλλά
675 2247 732 2312 καὶ
754 2248 821 2312 τῶν
851 2243 1075 2334 εἰσφερόντων
1097 2231 1137 2333 ήν

57 2349 112 2413 καὶ
127 2349 195 2412 των
215 2343 258 2412 τὰ
281 2344 557 2432 προσταττόμενα
572 2342 649 2431 ύμῖν
666 2339 800 2413 ἅπαντα
822 2346 1021 2414 ποιούντων.
1058 2341 1076 2413 ό
1100 2346 1136 2413 δέ

58 2445 104 2527 ιῦς
126 2451 206 2533 περὶ
229 2441 393 2537 άχρήστου
416 2449 476 2533 μὲν
497 2450 663 2516 πλουσίου
687 2448 722 2514 δὲ
745 2447 804 2516 ἐπὶ
827 2449 967 2536 διαβολῇ
985 2461 1136 2516 ποιεῖται

56 2550 194 2628 τούτους
214 2549 292 2628 τούς
322 2549 448 2636 λόγους.
494 2548 555 2637 ἐγω
586 2544 618 2616 δ’
645 2552 679 2616 ἓν
700 2549 883 2639 κεφάλαιον
912 2548 977 2636 ἐρῶ
998 2544 1135 2616 πάντων

57 2656 223 2739 μέγιστον,
246 2651 265 2719 ὃ
288 2654 344 2719 καὶ
358 2648 436 2736 ύμῖν
452 2645 519 2718 οἶδ’
538 2645 592 2720 ότι
613 2651 704 2730 δόξει
720 2653 858 2719 δίκαιον.
902 2649 1135 2718 κοινώσασθαι

56 2752 118 2841 γὰρ
141 2751 250 2820 ἐθέλω
272 2751 332 2841 τήν
355 2747 472 2819 οὐσίαν
494 2752 554 2840 τήν
578 2752 658 2840 ἐμήν
680 2757 721 2840 τή
744 2756 803 2820 τοῦ
825 2751 959 2833 παιδός,
989 2754 1045 2819 καὶ
1067 2751 1135 2818 ε’ίτε

58 2853 168 2922 πολλὰ
192 2848 255 2921 εἴτ’
281 2848 380 2941 ὀλίγα
403 2852 502 2936 ἐστίν,
534 2852 568 2921 ἐν
589 2859 691 2942 κοινηῖ
718 2859 894 2942 γενομένης
916 2853 1071 2938 λάβωμεν
1091 2852 1134 2921 τά

56 2953 179 3043 ήμίσεα
202 2957 364 3045 ἑκάτερος,
387 2957 444 3024 ἵνα
465 2957 568 3046 μηδὲν
589 2959 694 3024 πλέον
717 2957 771 3046 ἐχη
802 2950 919 3042 άτερος
939 2959 1000 3023 τοῦ
1022 2955 1136 3044 ἑτέρου

58 3063 116 3125 τοῦ
139 3058 383 3145 προσήκοντος·
408 3052 482 3125 ἀλλ’
509 3054 566 3126 ούκ
589 3057 755 3144 ἐθελήσει.

528 3163 660 3215 ΔΕΙΠΕΙ.

140 3378 186 3435 48.
205 3383 220 3433 3
238 3374 375 3448 μακάρων
392 3395 439 3447 pr„
458 3395 522 3433 corr.
543 3385 555 3434 1
576 3409 608 3418 -
626 3383 641 3432 5
659 3372 704 3432 ὅτι
722 3394 787 3432 corr.
804 3381 828 3443 2,
845 3380 887 3431 ἔτι
905 3393 942 3446 pr.
993 3377 1039 3433 4⁹.
1058 3381 1073 3432 2
1092 3375 1135 3431 εύ-

40 3457 1135 3534 ‚emnemRsk.-3p3vinras.add.l*4m‘aivi12Rsk-9m)
1200 3472 1203 3477 ’

56 3549 113 3604 εδδ.
132 3549 181 3606 Bk.
199 3579 230 3588 —
250 3549 274 3601 εἰ
291 3548 354 3602 Ald:
372 3548 414 3601 εἰσ
481 3548 527 3606 5⁰.
547 3542 1085 3618 1μὴοι1.ειυοια.-εούσε.·ιιω
1100 3577 1134 3588 -

57 3629 155 3703 δήμῖν
167 3651 214 3704 pr„
227 3637 321 3688 corr.2
339 3663 373 3671 -
391 3627 672 3706 ἐάσπιράχρὴστονι
691 3649 739 3687 em.
752 3632 813 3686 Rsk.
832 3662 865 3672 -
884 3633 1033 3687 sualinv.
1046 3632 1131 3688 αδδι

57 3748 89 3759 -
110 3724 140 3774 10
160 3717 267 3789 ,ἅτεροι
283 3735 329 3787 pr„
349 3734 412 3772 corr.
432 3724 444 3773 1
465 3749 497 3759 -
519 3724 549 3773 12
567 3718 706 3771 ΛΕΙΠΕΙ
722 3718 778 3772 εδδ.
796 3718 854 3773 Am.
872 3717 954 3786 (Turr.
974 3719 1033 3771 coll.
1053 3721 1133 3786 ξεί).

493 3910 696 3918 ———--—-
