2626 4476
60 265 84 305 ρ.
99 251 130 293 ευ.
301 229 378 283 ΠΕΡΙ
394 225 459 280 ΤΟΥ
476 225 737 282 ΦΙΛΟΚΤΗΜΟΝΟΣ
753 226 891 281 ΚΔΗΡΟΥ.
1097 225 1136 287 73

60 427 157 489 τερον
179 415 252 468 τοῖν
274 400 414 467 παίδοιν
436 395 494 464 ἐπί
517 396 629 484 ῥητοῖς
651 395 812 484 εἰσήγαγε,
837 401 898 464 τοῦ
920 397 957 463 δδ
978 402 1139 483 νεωτέρου

59 499 124 592 ήδη
146 502 319 589 γεγονότος
342 497 417 566 οὐδὲ
439 497 536 583 λόγον
555 495 704 564 ἐποιεῖτο
727 496 870 584 ζώντοςλ
893 499 1140 588 Φιλοκτήμονος

62 601 140 672 οὐτε
161 602 249 692 πρὸς
272 596 371 669 αὐτόν
394 599 517 667 ἐκεῖνον
540 594 615 666 οὐτε
637 597 724 685 πρός
738 597 816 676 τοὺς
838 599 979 679 οἰκείους
986 631 997 684 ,·
1019 599 1077 678 οὓς
1099 601 1139 668 σδ

61 710 119 774 νῦν
142 703 328 793 διαρρήδην
344 699 596 790 μεμαρτύρηκας
616 707 770 789 γνησίους
793 697 878 768 εἶναι
906 705 964 769 καὶ
984 701 1159 791 κληρονόω

61 832 145 893 μους
172 810 241 873 τῶν
269 799 489 892 Εὐκτήμονος.
548 804 661 868 Ταῦτα
688 808 799 870 τοίνυν
827 799 873 880 ιδς
902 797 1016 893 ἆληθή
1046 806 1138 890 λέγω,

63 903 293 994 ἀναγίγνωσκε
309 904 370 983 τὰς
392 910 586 990 μαρτυρίας.

489 1023 719 1076 MAPTYPIAI·
751 1034 753 1037 '

149 1107 249 1176 Μετὰ
276 1111 384 1176 ταῦτα
408 1111 520 1173 τοίνυν
543 1101 560 1172 δ
587 1105 805 1193 Φιλοκτήμων
833 1109 1039 1194 τριηραρχῶν
1059 1107 1139 1192 περὶ
1156 1121 1192 1178 22

61 1217 152 1280 Χίον
184 1203 396 1297 ἇποθνήσκει
427 1203 494 1274 ὑπὸ
527 1211 595 1273 τῶν
624 1209 812 1290 πολεμίων·
846 1203 864 1274 δ
896 1200 926 1272 δ’
962 1201 1140 1295 Εὐκτήμων
1233 1282 1237 1290 ,

61 1306 200 1401 ὐστερον
218 1310 328 1398 χρόνῳ
351 1308 438 1398 πρὸς
452 1305 530 1386 τοὺς
551 1305 712 1397 κηδεστὰς
734 1304 829 1375 εἶπεν
846 1301 900 1376 ότι
920 1307 1075 1394 βούλοιτο
1098 1304 1140 1373 τὰ

60 1412 151 1503 πρὸς
171 1411 231 1480 τδν
252 1412 326 1480 υίόν
356 1412 389 1478 οἱ
410 1414 631 1496 πεπραγμένα
658 1409 793 1497 γράψας
814 1415 1042 1477 καταθέσθαι.
1085 1412 1141 1476 καὶ

62 1511 79 1583 ό
105 1515 165 1599 μὲν
184 1513 421 1601 Φανόστρατος
436 1511 569 1579 ἐκπλεῖν
585 1511 700 1596 ἔμελλε
712 1515 918 1600 τριηραρχῶν
933 1511 1017 1596 μετὰ
1037 1521 1141 1595 Τιμο-

62 1621 160 1699 θέου,
181 1617 239 1682 καί
260 1611 280 1703 ή
303 1618 382 1693 ναῦς
404 1607 495 1698 αὐτῷ
518 1611 657 1700 ἐξώρμει
678 1618 896 1695 Μουνιχίασι,
926 1616 983 1680 καί
1004 1609 1022 1679 ό
1045 1613 1141 1701 κηδε-

63 1717 146 1806 στής
167 1714 459 1805 Χαιρίαςπαρών
482 1716 744 1781 συναπέστειλεν
768 1708 883 1782 αὐτόν·
913 1711 930 1781 ό
959 1709 990 1781 δ’
1018 1708 1142 1802 Εὐκτή·

61 1845 136 1904 μων
150 1815 358 1906 παραλαβών
373 1840 467 1893 τινας
481 1809 557 1903 ήκεν
573 1809 611 1882 οὗ
635 1815 776 1904 ἐξώρμει
789 1811 809 1906 ή
826 1820 915 1898 ναῦς,
938 1819 995 1882 καί
1008 1815 1143 1903 γράψας

62 1919 239 2010 διαθήκην,
264 1912 319 2008 ἐφ’
347 1917 398 1996 οίς
420 1916 574 2005 εἰσήγαγε
594 1916 653 1984 τδν
675 1919 793 2001 παῖδα,
816 1923 1037 1986 κατατίθεται
1058 1915 1143 2000 μετὰ

60 2020 188 2088 τούτων
210 2019 307 2109 παρὰ
322 2018 524 2105 Πυθοδώρῳ
539 2025 712 2107 Κηφισιεῖ,
735 2019 938 2109 προσήκοντι
954 2012 1053 2104 αὐτῷ.
1086 2021 1142 2084 καὶ
1153 2038 1193 2095 28

62 2117 119 2191 ὅτι
140 2127 209 2206 μέν,
232 2108 409 2208 ὦύίνδρες,
432 2114 489 2202 οὐχ
511 2116 557 2198 ὥς
579 2124 658 2207 περὶ
680 2128 824 2210 γνησίων
839 2121 1002 2209 ἔπραττεν
1018 2118 1142 2207 Εὐκτή-

24 2248 28 2253 ·
61 2249 147 2309 μων,
177 2216 415 2310 δᾍνδροκλής
443 2221 685 2310 μεμαρτύρηκε,
713 2226 770 2290 καί
799 2216 878 2289 αὐτὸ
908 2226 1006 2290 τοῦτο
1031 2218 1142 2288 ἱκανόν
1201 2277 1202 2280 .

62 2324 254 2415 τεκμήριον·
282 2338 354 2402 τοῖς
376 2323 439 2411 γὰρ
462 2323 562 2412 φύσει
583 2325 690 2392 υἱέσιν
713 2321 815 2392 αὐτοῦ
836 2318 946 2403 οὐδεὶς
976 2319 1084 2391 οὐδενὶ
1107 2322 1141 2390 ἓν

63 2425 211 2516 διαθήκη
233 2427 356 2515 γράφει
380 2424 475 2493 δόσιν
490 2418 658 2510 οὐδεμίαν,
682 2427 771 2494 διότι
786 2423 804 2494 ό
821 2427 923 2511 νόμος
939 2420 1039 2505 αὐτός
1055 2421 1142 2494 ἀπο-

63 2529 184 2596 δίδωσι
205 2532 255 2615 τῴ
277 2529 343 2595 υἱεῖ
364 2526 406 2593 τὰ
420 2530 480 2593 τοῦ
495 2527 626 2616 πάτρδς
639 2531 694 2594 καὶ
711 2522 788 2595 οὐδὲ
809 2528 1000 2596 διαθέσθαι
1015 2528 1054 2617 ἐᾷ
1074 2522 1141 2615 ότηι

64 2621 105 2698 δν
127 2617 193 2698 ὦσι
215 2630 337 2707 παῖδες
359 2628 499 2717 γνήσιοι.

148 2737 312 2816 Κειμένου
336 2731 372 2797 δὲ
393 2734 454 2797 τοῦ
474 2737 701 2818 γραμματείου
724 2731 840 2814 σχεδὸν
857 2724 907 2797 δύ’
926 2729 982 2820 ἐ’τη
1004 2732 1060 2797 καὶ
1081 2735 1141 2797 τοῦ
1154 2726 1194 2804 εἷς

62 2838 215 2921 Χαιρέου
236 2832 515 2922 τετελευτηκότος,
537 2829 824 2912 ὑποπεπτωκότες
845 2833 916 2900 οἵδε
943 2835 984 2920 τῇ
1007 2826 1143 2920 ἀνθρώ-

62 2960 129 3023 πῳ,
151 2937 207 3002 καὶ
231 2930 375 3022 δρῶντες
398 2929 628 3018 ἀπολλύμενον
650 2933 708 3001 τδν
725 2931 815 3002 οίκον
829 2937 886 3001 καὶ
908 2932 945 3000 τδ
969 2937 1071 3021 γήρας
1084 2936 1141 3001 καί

61 3034 121 3125 τήν
145 3031 263 3104 ἄνοιαν
277 3039 337 3102 τοῦ
353 3030 570 3124 Εὐκτήμονος,
593 3029 647 3115 ότι
669 3035 719 3125 ε’ίη
744 3029 857 3113 αὐτοῖς
880 3034 973 3123 ἱκανή
996 3028 1141 3123 ὐφορμή,

63 3143 349 3206 συνεπιτίθενται.
383 3140 439 3204 καί
460 3142 596 3226 πρῶτον
617 3138 678 3222 μὲν
692 3142 857 3204 πείθουσι
873 3135 932 3203 τόν
948 3130 1142 3224 Εὐκτήμονα
1153 3153 1194 3211 ει)

62 3238 123 3329 τήν
150 3239 211 3323 μὲν
245 3239 412 3328 διαθήκην
441 3233 568 3307 ἀνελεῖν
601 3235 648 3315 ὠς
676 3233 713 3305 οὐ
744 3244 907 3327 χρησίμην
937 3224 1039 3304 οὐσαν
1071 3251 1143 3316 τοῖς

63 3346 182 3408 παισί·
210 3344 269 3427 τής
296 3339 359 3427 γὰρ
388 3344 535 3430 φανερός
565 3333 682 3418 οὐσίας
711 3333 830 3407 οὐδένα
858 3339 970 3428 κόριον
999 3338 1143 3406 ἐ’σεσθαι
1178 3327 1180 3331 ’

62 3440 320 3528 τελευτήσαντος
336 3435 544 3530 Εὐκτήμονος
560 3436 660 3508 ὐίλλον
675 3431 696 3530 ή
718 3439 779 3519 τὰς
792 3445 980 3528 θυγατέρας
994 3443 1051 3506 καί
1065 3439 1143 3518 τούς

65 3541 100 3609 έκ
121 3542 250 3610 τούτων
272 3543 463 3632 γεγονόταςξ
488 3543 528 3614 εἰ,
541 3544 577 3610 δὲ
600 3537 810 3626 όποδόμενός
831 3547 947 3610 τιτῶν
962 3538 1068 3610 όντων
1083 3536 1143 3629 ἆρ-

61 3645 176 3734 γόριυν
198 3647 390 3734 καταλίποι,
419 3648 516 3712 τοῦτο
545 3650 691 3731 βεβαίως
713 3644 797 3723 ἕξειν
821 3638 949 3722 αὐτούς.
996 3638 1142 3723 όκούσας
1156 3662 1193 3719 81
1243 3650 1246 3659 '

149 3795 194 3852 26·
213 3801 228 3850 5
247 3793 428 3869 διαρήρρήδην.
496 3772 545 3852 Ἢ.
560 3802 583 3851 1.
603 3801 619 3851 2
638 3799 682 3850 ἐπὶ
700 3802 760 3863 χίον
778 3814 824 3864 pn,
843 3814 906 3853 corr.
926 3803 937 3852 1
959 3826 993 3837 -
1012 3801 1027 3852 6
1044 3817 1142 3866 μαννν·

64 3879 153 3944 χιόέιι
172 3897 220 3934 em.
233 3881 304 3949 Rsk„
316 3883 373 3948 Bk„
385 3883 454 3937 Htw,
466 3912 500 3922 -
514 3887 545 3936 10
558 3886 692 3954 κωηυησιεῖ
702 3899 748 3950 pr„
761 3899 823 3936 corr.
840 3887 861 3936 l.
903 3882 948 3939 28.
962 3887 977 3937 3
990 3876 1072 3939 {imm
1086 3880 1108 3936 ό.

64 3962 134 4019 ΕΜ
153 3961 210 4019 οἵδε
223 3983 285 4020 corr.
298 3971 320 4034 1,
333 3963 383 4034 ἤδη
393 3983 430 4035 pr.
476 3965 522 4022 80.
532 3971 548 4024 4
559 3963 643 4021 ἄλλον
654 3968 680 4020 in
693 3983 743 4022 ras.
756 3968 813 4021 αδδ.
828 3973 840 4021 1
853 3997 887 4009 -
900 3973 916 4022 6
928 3966 1141 4037 καταλίποιμι.
